<?xml version="1.0" encoding="UTF-8"?>
<!DOCTYPE html PUBLIC "-//W3C//DTD XHTML 1.0 Transitional//EN"
    "http://www.w3.org/TR/xhtml1/DTD/xhtml1-transitional.dtd">
<html xmlns="http://www.w3.org/1999/xhtml" xml:lang="en" lang="en">
 <head>
  <title>
</title>
<meta http-equiv="Content-Type" content="text/html;charset=utf-8" />
  <meta name='ocr-system' content='tesseract 3.04.00' />
  <meta name='ocr-capabilities' content='ocr_page ocr_carea ocr_par ocr_line ocrx_word'/>
</head>
<body>
  <div class='ocr_page' id='page_1' title='image "./viriillvstratis00vongoog_0221.png"; bbox 0 0 2594 4255; ppageno 0'>
   <div class='ocr_carea' id='block_1_1' title="bbox 420 226 2152 344">
    <p class='ocr_par' dir='ltr' id='par_1_1' title="bbox 420 226 2152 344">
     <span class='ocr_line' id='line_1_1' title="bbox 420 226 2152 344; baseline 0.005 -44"><span class='ocrx_word' id='word_1_1' title='bbox 420 295 427 300; x_wconf 86' lang='lat'>.</span> <span class='ocrx_word' id='word_1_2' title='bbox 521 226 682 309; x_wconf 80' lang='lat' dir='ltr'>AD</span> <span class='ocrx_word' id='word_1_3' title='bbox 718 226 1905 344; x_wconf 26' lang='lat' dir='ltr'>JSCHELHAMMERVM.</span> <span class='ocrx_word' id='word_1_4' title='bbox 2009 235 2152 332; x_wconf 87' lang='lat'>187</span> 
     </span>
    </p>
   </div>
   <div class='ocr_carea' id='block_1_2' title="bbox 92 467 2282 2530">
    <p class='ocr_par' dir='ltr' id='par_1_2' title="bbox 198 467 2250 999">
     <span class='ocr_line' id='line_1_2' title="bbox 287 467 2149 597; baseline 0.003 -39"><span class='ocrx_word' id='word_1_5' title='bbox 287 484 395 568; x_wconf 87' lang='lat' dir='ltr'>idi</span> <span class='ocrx_word' id='word_1_6' title='bbox 430 484 800 585; x_wconf 79' lang='lat' dir='ltr'>quaedam</span> <span class='ocrx_word' id='word_1_7' title='bbox 834 480 1191 582; x_wconf 87' lang='lat' dir='ltr'>vtrinque</span> <span class='ocrx_word' id='word_1_8' title='bbox 1218 479 1534 597; x_wconf 85' lang='lat' dir='ltr'>scripta,</span> <span class='ocrx_word' id='word_1_9' title='bbox 1564 481 1732 570; x_wconf 84' lang='lat' dir='ltr'>sed,</span> <span class='ocrx_word' id='word_1_10' title='bbox 1767 488 1850 563; x_wconf 89' lang='lat' dir='ltr'>ni</span> <span class='ocrx_word' id='word_1_11' title='bbox 1872 467 2149 584; x_wconf 52' lang='lat' dir='ltr'>“falloig</span> 
     </span>
     <span class='ocr_line' id='line_1_3' title="bbox 212 573 2149 698; baseline 0.001 -34"><span class='ocrx_word' id='word_1_12' title='bbox 212 608 436 664; x_wconf 89' lang='lat' dir='ltr'>more</span> <span class='ocrx_word' id='word_1_13' title='bbox 475 584 1061 666; x_wconf 75' lang='lat' dir='ltr'>Andabatarum.</span> <span class='ocrx_word' id='word_1_14' title='bbox 1161 584 1387 661; x_wconf 75' lang='lat' dir='ltr'>Pauci</span> <span class='ocrx_word' id='word_1_15' title='bbox 1421 573 1655 662; x_wconf 88' lang='lat' dir='ltr'>hodie</span> <span class='ocrx_word' id='word_1_16' title='bbox 1693 611 1838 686; x_wconf 90' lang='lat' dir='ltr'>qua</span> <span class='ocrx_word' id='word_1_17' title='bbox 1889 612 2023 698; x_wconf 87' lang='lat' dir='ltr'>par</span> <span class='ocrx_word' id='word_1_18' title='bbox 2040 587 2149 666; x_wconf 84' lang='lat' dir='ltr'>est</span> 
     </span>
     <span class='ocr_line' id='line_1_4' title="bbox 198 682 2151 791; baseline 0.001 -23"><span class='ocrx_word' id='word_1_19' title='bbox 198 689 639 782; x_wconf 78' lang='lat' dir='ltr'>‚attentione</span> <span class='ocrx_word' id='word_1_20' title='bbox 671 711 749 767; x_wconf 89' lang='lat' dir='ltr'>et</span> <span class='ocrx_word' id='word_1_21' title='bbox 779 686 1111 791; x_wconf 61' lang='lat' dir='ltr'>dagal-3221»</span> <span class='ocrx_word' id='word_1_22' title='bbox 1150 682 1536 784; x_wconf 86' lang='lat' dir='ltr'>scribunt,</span> <span class='ocrx_word' id='word_1_23' title='bbox 1579 709 1659 763; x_wconf 85' lang='lat' dir='ltr'>et</span> <span class='ocrx_word' id='word_1_24' title='bbox 1703 684 1869 790; x_wconf 89' lang='lat' dir='ltr'>plus</span> <span class='ocrx_word' id='word_1_25' title='bbox 1923 690 2151 769; x_wconf 85' lang='lat' dir='ltr'>datur</span> 
     </span>
     <span class='ocr_line' id='line_1_5' title="bbox 208 787 2250 892; baseline -0.002 -24"><span class='ocrx_word' id='word_1_26' title='bbox 208 787 527 890; x_wconf 9' lang='lat' dir='ltr'>‘auribus</span> <span class='ocrx_word' id='word_1_27' title='bbox 559 815 791 892; x_wconf 89' lang='lat' dir='ltr'>quam</span> <span class='ocrx_word' id='word_1_28' title='bbox 836 793 1101 867; x_wconf 88' lang='lat' dir='ltr'>menti.</span> <span class='ocrx_word' id='word_1_29' title='bbox 1203 791 1287 883; x_wconf 86' lang='lat' dir='ltr'>H</span> <span class='ocrx_word' id='word_1_30' title='bbox 1308 811 1346 862; x_wconf 81' lang='lat' dir='ltr'><strong>E</strong></span> <span class='ocrx_word' id='word_1_31' title='bbox 1374 811 1488 878; x_wconf 54' lang='grc' dir='ltr'>ο]</span> <span class='ocrx_word' id='word_1_32' title='bbox 1509 811 1549 862; x_wconf 77' lang='grc' dir='ltr'>ε</span> <span class='ocrx_word' id='word_1_33' title='bbox 1572 811 1690 863; x_wconf 83' lang='grc' dir='ltr'>τν</span> <span class='ocrx_word' id='word_1_34' title='bbox 1711 813 1745 863; x_wconf 92' lang='lat' dir='ltr'>s</span> <span class='ocrx_word' id='word_1_35' title='bbox 1787 792 2149 872; x_wconf 83' lang='lat' dir='ltr'>vernacu-</span> <span class='ocrx_word' id='word_1_36' title='bbox 2245 853 2250 864; x_wconf 35' lang='lat' dir='ltr'>f</span> 
     </span>
     <span class='ocr_line' id='line_1_6' title="bbox 210 886 2152 999; baseline 0.003 -30"><span class='ocrx_word' id='word_1_37' title='bbox 210 889 288 969; x_wconf 90' lang='lat' dir='ltr'>le</span> <span class='ocrx_word' id='word_1_38' title='bbox 339 890 624 971; x_wconf 88' lang='lat' dir='ltr'><strong>scribit.</strong></span> <span class='ocrx_word' id='word_1_39' title='bbox 726 890 873 971; x_wconf 86' lang='lat' dir='ltr'>Sed</span> <span class='ocrx_word' id='word_1_40' title='bbox 931 912 1211 994; x_wconf 90' lang='lat' dir='ltr'>quotus</span> <span class='ocrx_word' id='word_1_41' title='bbox 1246 891 1588 999; x_wconf 48' lang='lat' dir='ltr'>‘quisque</span> <span class='ocrx_word' id='word_1_42' title='bbox 1633 886 1869 969; x_wconf 87' lang='lat' dir='ltr'>hodie</span> <span class='ocrx_word' id='word_1_43' title='bbox 1917 892 2152 975; x_wconf 81' lang='lat' dir='ltr'>latine</span> 
     </span>
    </p>

    <p class='ocr_par' dir='ltr' id='par_1_3' title="bbox 92 992 2282 2530">
     <span class='ocr_line' id='line_1_7' title="bbox 146 992 2160 1079; baseline -0.002 -4"><span class='ocrx_word' id='word_1_44' title='bbox 146 1045 172 1079; x_wconf 86' lang='grc'>-,</span> <span class='ocrx_word' id='word_1_45' title='bbox 207 992 541 1075; x_wconf 86' lang='lat' dir='ltr'>scribere</span> <span class='ocrx_word' id='word_1_46' title='bbox 575 992 859 1075; x_wconf 88' lang='lat' dir='ltr'>nouit?</span> <span class='ocrx_word' id='word_1_47' title='bbox 1703 1037 1710 1044; x_wconf 96' lang='lat'><strong>·</strong></span> <span class='ocrx_word' id='word_1_48' title='bbox 2153 1061 2160 1070; x_wconf 91' lang='lat'>.</span> 
     </span>
     <span class='ocr_line' id='line_1_8' title="bbox 116 1089 2153 1177; baseline 0.001 -4"><span class='ocrx_word' id='word_1_49' title='bbox 116 1111 129 1120; x_wconf 82' lang='grc'><strong>’</strong></span> <span class='ocrx_word' id='word_1_50' title='bbox 318 1100 448 1174; x_wconf 88' lang='lat' dir='ltr'>XI.</span> <span class='ocrx_word' id='word_1_51' title='bbox 501 1096 1015 1177; x_wconf 87' lang='lat' dir='ltr'>Oscillationis</span> <span class='ocrx_word' id='word_1_52' title='bbox 1063 1092 1525 1174; x_wconf 85' lang='lat' dir='ltr'>vocabulum</span> <span class='ocrx_word' id='word_1_53' title='bbox 1583 1089 1917 1174; x_wconf 83' lang='lat' dir='ltr'>sumsere</span> <span class='ocrx_word' id='word_1_54' title='bbox 1978 1097 2153 1175; x_wconf 90' lang='lat' dir='ltr'>Me-</span> 
     </span>
     <span class='ocr_line' id='line_1_9' title="bbox 220 1194 2158 1304; baseline -0.001 -26"><span class='ocrx_word' id='word_1_55' title='bbox 220 1195 375 1278; x_wconf 85' lang='lat' dir='ltr'>dici</span> <span class='ocrx_word' id='word_1_56' title='bbox 405 1195 495 1278; x_wconf 91' lang='lat' dir='ltr'>ab</span> <span class='ocrx_word' id='word_1_57' title='bbox 512 1197 948 1304; x_wconf 89' lang='lat' dir='ltr'>Horologio</span> <span class='ocrx_word' id='word_1_58' title='bbox 965 1194 1459 1279; x_wconf 81' lang='lat' dir='ltr'>Osc&#39;illatorio</span> <span class='ocrx_word' id='word_1_59' title='bbox 1488 1201 1574 1276; x_wconf 90' lang='lat' dir='ltr'>H</span> <span class='ocrx_word' id='word_1_60' title='bbox 1594 1223 1642 1272; x_wconf 87' lang='lat' dir='ltr'><strong>v</strong></span> <span class='ocrx_word' id='word_1_61' title='bbox 1664 1223 1714 1275; x_wconf 87' lang='lat' dir='ltr'>G</span> <span class='ocrx_word' id='word_1_62' title='bbox 1733 1223 1773 1275; x_wconf 74' lang='lat' dir='ltr'>a</span> <span class='ocrx_word' id='word_1_63' title='bbox 1791 1224 1844 1275; x_wconf 80' lang='lat' dir='ltr'>N</span> <span class='ocrx_word' id='word_1_64' title='bbox 1865 1222 1936 1272; x_wconf 92' lang='lat'>11</span> <span class='ocrx_word' id='word_1_65' title='bbox 1952 1256 1976 1296; x_wconf 89' lang='lat'>‚</span> <span class='ocrx_word' id='word_1_66' title='bbox 1996 1221 2158 1296; x_wconf 88' lang='lat' dir='ltr'>quo</span> 
     </span>
     <span class='ocr_line' id='line_1_10' title="bbox 218 1294 2162 1404; baseline 0.001 -27"><span class='ocrx_word' id='word_1_67' title='bbox 218 1297 453 1380; x_wconf 85' lang='lat' dir='ltr'>titulo</span> <span class='ocrx_word' id='word_1_68' title='bbox 499 1299 627 1380; x_wconf 89' lang='lat' dir='ltr'>ille</span> <span class='ocrx_word' id='word_1_69' title='bbox 671 1300 895 1383; x_wconf 89' lang='lat' dir='ltr'>suum</span> <span class='ocrx_word' id='word_1_70' title='bbox 946 1298 1232 1392; x_wconf 85' lang='lat' dir='ltr'>librum</span> <span class='ocrx_word' id='word_1_71' title='bbox 1304 1294 1688 1404; x_wconf 84' lang='lat' dir='ltr'>inscripfit.</span> <span class='ocrx_word' id='word_1_72' title='bbox 1789 1296 2162 1401; x_wconf 85' lang='lat' dir='ltr'>Intelligit</span> 
     </span>
     <span class='ocr_line' id='line_1_11' title="bbox 218 1398 2161 1509; baseline -0.002 -27"><span class='ocrx_word' id='word_1_73' title='bbox 218 1415 477 1484; x_wconf 78' lang='lat' dir='ltr'>autem</span> <span class='ocrx_word' id='word_1_74' title='bbox 536 1402 857 1509; x_wconf 89' lang='lat' dir='ltr'>penduli</span> <span class='ocrx_word' id='word_1_75' title='bbox 920 1401 1284 1508; x_wconf 85' lang='lat' dir='ltr'>ponderis</span> <span class='ocrx_word' id='word_1_76' title='bbox 1346 1399 1835 1506; x_wconf 71' lang='lat' dir='ltr'>vibrationes.</span> <span class='ocrx_word' id='word_1_77' title='bbox 1967 1398 2161 1483; x_wconf 87' lang='lat' dir='ltr'>Inde</span> 
     </span>
     <span class='ocr_line' id='line_1_12' title="bbox 92 1501 2282 1606; baseline 0.001 -26"><span class='ocrx_word' id='word_1_78' title='bbox 92 1575 98 1580; x_wconf 89' lang='lat'><em>.</em></span> <span class='ocrx_word' id='word_1_79' title='bbox 218 1508 454 1586; x_wconf 88' lang='lat' dir='ltr'>etiam</span> <span class='ocrx_word' id='word_1_80' title='bbox 482 1505 950 1586; x_wconf 82' lang='lat' dir='ltr'>vibrationes</span> <span class='ocrx_word' id='word_1_81' title='bbox 985 1501 1244 1606; x_wconf 87' lang='lat' dir='ltr'>quales</span> <span class='ocrx_word' id='word_1_82' title='bbox 1274 1503 1563 1584; x_wconf 90' lang='lat' dir='ltr'>suntin</span> <span class='ocrx_word' id='word_1_83' title='bbox 1611 1504 1898 1586; x_wconf 86' lang='lat' dir='ltr'>chorda</span> <span class='ocrx_word' id='word_1_84' title='bbox 1950 1502 2162 1583; x_wconf 90' lang='lat' dir='ltr'>tensa</span> <span class='ocrx_word' id='word_1_85' title='bbox 2277 1511 2282 1522; x_wconf 91' lang='lat'>&#39;</span> 
     </span>
     <span class='ocr_line' id='line_1_13' title="bbox 216 1604 2160 1710; baseline -0.002 -20"><span class='ocrx_word' id='word_1_86' title='bbox 216 1605 730 1690; x_wconf 83' lang='lat' dir='ltr'>oscillationes</span> <span class='ocrx_word' id='word_1_87' title='bbox 761 1606 919 1686; x_wconf 91' lang='lat' dir='ltr'>dici</span> <span class='ocrx_word' id='word_1_88' title='bbox 948 1630 1292 1710; x_wconf 87' lang='lat' dir='ltr'>coepere.</span> <span class='ocrx_word' id='word_1_89' title='bbox 1327 1610 1423 1683; x_wconf 91' lang='lat' dir='ltr'>Et</span> <span class='ocrx_word' id='word_1_90' title='bbox 1456 1604 1606 1686; x_wconf 89' lang='lat' dir='ltr'>tale</span> <span class='ocrx_word' id='word_1_91' title='bbox 1637 1608 1827 1708; x_wconf 90' lang='lat' dir='ltr'>quid</span> <span class='ocrx_word' id='word_1_92' title='bbox 1847 1610 1939 1686; x_wconf 78' lang='lat' dir='ltr'>in</span> <span class='ocrx_word' id='word_1_93' title='bbox 1985 1631 2160 1686; x_wconf 88' lang='lat' dir='ltr'>cor-</span> 
     </span>
     <span class='ocr_line' id='line_1_14' title="bbox 216 1706 2162 1813; baseline -0.001 -26"><span class='ocrx_word' id='word_1_94' title='bbox 216 1710 433 1812; x_wconf 85' lang='lat' dir='ltr'>poris</span> <span class='ocrx_word' id='word_1_95' title='bbox 467 1708 701 1789; x_wconf 86' lang='lat' dir='ltr'>nostri</span> <span class='ocrx_word' id='word_1_96' title='bbox 732 1707 1074 1810; x_wconf 71' lang='lat' dir='ltr'>fibrinis,</span> <span class='ocrx_word' id='word_1_97' title='bbox 1104 1707 1233 1787; x_wconf 89' lang='lat' dir='ltr'>sed</span> <span class='ocrx_word' id='word_1_98' title='bbox 1266 1708 1350 1786; x_wconf 90' lang='lat' dir='ltr'>in</span> <span class='ocrx_word' id='word_1_99' title='bbox 1396 1706 1701 1788; x_wconf 88' lang='lat' dir='ltr'>inuifibi</span> <span class='ocrx_word' id='word_1_100' title='bbox 1744 1707 1883 1788; x_wconf 87' lang='lat' dir='ltr'>illo</span> <span class='ocrx_word' id='word_1_101' title='bbox 1914 1709 2162 1813; x_wconf 85' lang='lat' dir='ltr'>impe-</span> 
     </span>
     <span class='ocr_line' id='line_1_15' title="bbox 220 1805 2162 1917; baseline 0.001 -31"><span class='ocrx_word' id='word_1_102' title='bbox 220 1814 391 1889; x_wconf 83' lang='lat' dir='ltr'>tum</span> <span class='ocrx_word' id='word_1_103' title='bbox 435 1805 806 1915; x_wconf 84' lang='lat' dir='ltr'>faciente,</span> <span class='ocrx_word' id='word_1_104' title='bbox 836 1809 984 1893; x_wconf 84' lang='lat' dir='ltr'>esse</span> <span class='ocrx_word' id='word_1_105' title='bbox 1037 1831 1349 1917; x_wconf 87' lang='lat' dir='ltr'>putem,</span> <span class='ocrx_word' id='word_1_106' title='bbox 1392 1809 2049 1913; x_wconf 83' lang='lat' dir='ltr'>quemadmodum</span> <span class='ocrx_word' id='word_1_107' title='bbox 2077 1813 2162 1889; x_wconf 89' lang='lat' dir='ltr'>in</span> 
     </span>
     <span class='ocr_line' id='line_1_16' title="bbox 221 1909 2026 2015; baseline -0.002 -25"><span class='ocrx_word' id='word_1_108' title='bbox 221 1934 398 1991; x_wconf 87' lang='lat' dir='ltr'>aere</span> <span class='ocrx_word' id='word_1_109' title='bbox 432 1934 726 1993; x_wconf 86' lang='lat' dir='ltr'>tremor</span> <span class='ocrx_word' id='word_1_110' title='bbox 756 1912 862 1993; x_wconf 89' lang='lat' dir='ltr'>est</span> <span class='ocrx_word' id='word_1_111' title='bbox 896 1938 1140 2015; x_wconf 89' lang='lat' dir='ltr'>quum</span> <span class='ocrx_word' id='word_1_112' title='bbox 1159 1909 1445 1993; x_wconf 46' lang='lat' dir='ltr'>‘sonum</span> <span class='ocrx_word' id='word_1_113' title='bbox 1476 1909 1677 1993; x_wconf 89' lang='lat' dir='ltr'>facit.</span> <span class='ocrx_word' id='word_1_114' title='bbox 2017 1935 2026 1942; x_wconf 39' lang='lat'>⁸</span> 
     </span>
     <span class='ocr_line' id='line_1_17' title="bbox 322 2006 2166 2122; baseline 0.001 -29"><span class='ocrx_word' id='word_1_115' title='bbox 322 2019 486 2110; x_wconf 55' lang='grc' dir='ltr'>ΧΠξ</span> <span class='ocrx_word' id='word_1_116' title='bbox 541 2014 688 2093; x_wconf 86' lang='lat' dir='ltr'>Sed</span> <span class='ocrx_word' id='word_1_117' title='bbox 722 2016 803 2092; x_wconf 92' lang='lat' dir='ltr'>in</span> <span class='ocrx_word' id='word_1_118' title='bbox 838 2013 1218 2095; x_wconf 88' lang='lat' dir='ltr'>inuifibile</span> <span class='ocrx_word' id='word_1_119' title='bbox 1248 2014 1445 2095; x_wconf 85' lang='lat' dir='ltr'>istud</span> <span class='ocrx_word' id='word_1_120' title='bbox 1478 2040 1639 2096; x_wconf 91' lang='lat' dir='ltr'>non</span> <span class='ocrx_word' id='word_1_121' title='bbox 1667 2006 1893 2096; x_wconf 84' lang='lat' dir='ltr'>facile</span> <span class='ocrx_word' id='word_1_122' title='bbox 1939 2041 2166 2122; x_wconf 84' lang='lat' dir='ltr'>agere</span> 
     </span>
     <span class='ocr_line' id='line_1_18' title="bbox 218 2101 2231 2224; baseline 0.001 -26"><span class='ocrx_word' id='word_1_123' title='bbox 218 2113 658 2224; x_wconf 76' lang='lat' dir='ltr'>poffumuS‚</span> <span class='ocrx_word' id='word_1_124' title='bbox 691 2114 828 2199; x_wconf 84' lang='lat' dir='ltr'>nifi</span> <span class='ocrx_word' id='word_1_125' title='bbox 860 2101 1653 2220; x_wconf 50' lang='lat' dir='ltr'>‘excitandoaffestuQ</span> <span class='ocrx_word' id='word_1_126' title='bbox 1686 2109 1865 2200; x_wconf 69' lang='lat' dir='ltr'>nam</span> <span class='ocrx_word' id='word_1_127' title='bbox 1886 2143 1970 2199; x_wconf 86' lang='lat' dir='ltr'>vt</span> <span class='ocrx_word' id='word_1_128' title='bbox 1985 2145 2164 2200; x_wconf 86' lang='lat' dir='ltr'>mo·</span> <span class='ocrx_word' id='word_1_129' title='bbox 2227 2162 2231 2171; x_wconf 66' lang='grc'><strong><em>»</em></strong></span> 
     </span>
     <span class='ocr_line' id='line_1_19' title="bbox 204 2218 2173 2329; baseline 0.001 -29"><span class='ocrx_word' id='word_1_130' title='bbox 204 2244 343 2313; x_wconf 60' lang='grc' dir='ltr'>,τες</span> <span class='ocrx_word' id='word_1_131' title='bbox 371 2223 613 2299; x_wconf 88' lang='lat' dir='ltr'>animi</span> <span class='ocrx_word' id='word_1_132' title='bbox 645 2218 1061 2322; x_wconf 89' lang='lat' dir='ltr'>sequuntur</span> <span class='ocrx_word' id='word_1_133' title='bbox 1076 2240 1767 2326; x_wconf 81' lang='lat' dir='ltr'>temperamentum</span> <span class='ocrx_word' id='word_1_134' title='bbox 1784 2225 2173 2329; x_wconf 74' lang='lat' dir='ltr'>corpori5‚</span> 
     </span>
     <span class='ocr_line' id='line_1_20' title="bbox 215 2322 2167 2427; baseline 0.003 -26"><span class='ocrx_word' id='word_1_135' title='bbox 215 2322 326 2401; x_wconf 80' lang='lat' dir='ltr'>ita</span> <span class='ocrx_word' id='word_1_136' title='bbox 358 2322 687 2404; x_wconf 83' lang='lat' dir='ltr'>viciffim</span> <span class='ocrx_word' id='word_1_137' title='bbox 717 2328 1028 2427; x_wconf 85' lang='lat' dir='ltr'>corpori</span> <span class='ocrx_word' id='word_1_138' title='bbox 1056 2323 1274 2427; x_wconf 88' lang='lat' dir='ltr'>saepe</span> <span class='ocrx_word' id='word_1_139' title='bbox 1359 2347 1443 2402; x_wconf 86' lang='lat' dir='ltr'>er</span> <span class='ocrx_word' id='word_1_140' title='bbox 1470 2324 1819 2404; x_wconf 87' lang='lat' dir='ltr'>animum</span> <span class='ocrx_word' id='word_1_141' title='bbox 1851 2323 2167 2406; x_wconf 89' lang='lat' dir='ltr'>succur-</span> 
     </span>
     <span class='ocr_line' id='line_1_21' title="bbox 217 2421 2169 2530; baseline 0.001 -26"><span class='ocrx_word' id='word_1_142' title='bbox 217 2428 292 2505; x_wconf 82' lang='lat' dir='ltr'>ri</span> <span class='ocrx_word' id='word_1_143' title='bbox 321 2425 587 2530; x_wconf 87' lang='lat' dir='ltr'>potest.</span> <span class='ocrx_word' id='word_1_144' title='bbox 689 2428 903 2504; x_wconf 91' lang='lat' dir='ltr'>Hinc</span> <span class='ocrx_word' id='word_1_145' title='bbox 933 2425 1063 2523; x_wconf 87' lang='lat' dir='ltr'>fit,</span> <span class='ocrx_word' id='word_1_146' title='bbox 1091 2445 1174 2502; x_wconf 91' lang='lat' dir='ltr'>vt</span> <span class='ocrx_word' id='word_1_147' title='bbox 1203 2426 1315 2507; x_wconf 83' lang='lat' dir='ltr'>vti</span> <span class='ocrx_word' id='word_1_148' title='bbox 1347 2426 1413 2501; x_wconf 91' lang='lat' dir='ltr'>is</span> <span class='ocrx_word' id='word_1_149' title='bbox 1448 2421 1530 2504; x_wconf 83' lang='lat' dir='ltr'>fit</span> <span class='ocrx_word' id='word_1_150' title='bbox 1564 2448 1681 2503; x_wconf 86' lang='lat' dir='ltr'>ars</span> <span class='ocrx_word' id='word_1_151' title='bbox 1714 2424 2169 2527; x_wconf 80' lang='lat' dir='ltr'>thrasonica,</span> 
     </span>
    </p>
   </div>
   <div class='ocr_carea' id='block_1_3' title="bbox 70 283 121 576">
    <p class='ocr_par' dir='ltr' id='par_1_4' title="bbox 70 283 121 576">
     <span class='ocr_line' id='line_1_22' title="bbox 70 283 77 290; baseline 0 0"><span class='ocrx_word' id='word_1_152' title='bbox 70 283 77 290; x_wconf 67' lang='lat' dir='ltr'><em>n</em></span> 
     </span>
     <span class='ocr_line' id='line_1_23' title="bbox 114 567 121 576; baseline 0 -2"><span class='ocrx_word' id='word_1_153' title='bbox 114 567 121 576; x_wconf 48' lang='grc' dir='ltr'><strong>ῃ</strong></span> 
     </span>
    </p>
   </div>
   <div class='ocr_carea' id='block_1_4' title="bbox 240 361 2406 484">
    <p class='ocr_par' dir='ltr' id='par_1_5' title="bbox 240 361 2406 484">
     <span class='ocr_line' id='line_1_24' title="bbox 240 361 2406 484; baseline -0 -24"><span class='ocrx_word' id='word_1_154' title='bbox 240 361 575 482; x_wconf 58' lang='lat' dir='ltr'>xosuere,</span> <span class='ocrx_word' id='word_1_155' title='bbox 626 373 913 484; x_wconf 15' lang='lat' dir='ltr'>resque?</span> <span class='ocrx_word' id='word_1_156' title='bbox 949 370 1217 483; x_wconf 71' lang='lat' dir='ltr'>mag&#39;na</span> <span class='ocrx_word' id='word_1_157' title='bbox 1271 383 1770 461; x_wconf 88' lang='lat' dir='ltr'>contentione</span> <span class='ocrx_word' id='word_1_158' title='bbox 1816 377 1976 464; x_wconf 67' lang='lat' dir='ltr'>asta</span> <span class='ocrx_word' id='word_1_159' title='bbox 2024 380 2196 460; x_wconf 81' lang='lat' dir='ltr'>est..</span> <span class='ocrx_word' id='word_1_160' title='bbox 2253 401 2254 406; x_wconf 64' lang='lat'>‘</span> <span class='ocrx_word' id='word_1_161' title='bbox 2371 369 2406 402; x_wconf 68' lang='lat'><em>⁷</em></span> 
     </span>
    </p>
   </div>
   <div class='ocr_carea' id='block_1_5' title="bbox 116 2523 2300 2633">
    <p class='ocr_par' dir='ltr' id='par_1_6' title="bbox 116 2523 2300 2633">
     <span class='ocr_line' id='line_1_25' title="bbox 116 2523 2300 2633; baseline 0.002 -27"><span class='ocrx_word' id='word_1_162' title='bbox 116 2576 121 2585; x_wconf 91' lang='lat'>·</span> <span class='ocrx_word' id='word_1_163' title='bbox 219 2531 400 2629; x_wconf 80' lang='lat' dir='ltr'>quia</span> <span class='ocrx_word' id='word_1_164' title='bbox 451 2526 663 2633; x_wconf 87' lang='lat' dir='ltr'>spem</span> <span class='ocrx_word' id='word_1_165' title='bbox 722 2524 924 2606; x_wconf 81' lang='lat' dir='ltr'>facit.</span> <span class='ocrx_word' id='word_1_166' title='bbox 1026 2530 1197 2604; x_wconf 87' lang='lat' dir='ltr'>Hac</span> <span class='ocrx_word' id='word_1_167' title='bbox 1257 2528 1552 2605; x_wconf 87' lang='lat' dir='ltr'>ratione</span> <span class='ocrx_word' id='word_1_168' title='bbox 1600 2523 1817 2632; x_wconf 87' lang='lat' dir='ltr'>saepe</span> <span class='ocrx_word' id='word_1_169' title='bbox 1862 2529 2169 2629; x_wconf 90' lang='lat' dir='ltr'>prodest</span> <span class='ocrx_word' id='word_1_170' title='bbox 2213 2550 2221 2563; x_wconf 84' lang='grc'>’</span> <span class='ocrx_word' id='word_1_171' title='bbox 2293 2580 2300 2587; x_wconf 90' lang='grc'>-</span> 
     </span>
    </p>
   </div>
   <div class='ocr_carea' id='block_1_6' title="bbox 214 2623 2254 3348">
    <p class='ocr_par' dir='ltr' id='par_1_7' title="bbox 214 2623 2254 3348">
     <span class='ocr_line' id='line_1_26' title="bbox 222 2623 2169 2727; baseline -0.002 -17"><span class='ocrx_word' id='word_1_172' title='bbox 222 2654 418 2710; x_wconf 81' lang='lat' dir='ltr'>anus</span> <span class='ocrx_word' id='word_1_173' title='bbox 450 2630 726 2715; x_wconf 86' lang='lat' dir='ltr'>delira,</span> <span class='ocrx_word' id='word_1_174' title='bbox 759 2649 893 2708; x_wconf 85' lang='lat' dir='ltr'>aut-</span> <span class='ocrx_word' id='word_1_175' title='bbox 920 2625 1366 2708; x_wconf 84' lang='lat' dir='ltr'>vifionarius</span> <span class='ocrx_word' id='word_1_176' title='bbox 1398 2624 1714 2727; x_wconf 66' lang='lat' dir='ltr'>doctor,</span> <span class='ocrx_word' id='word_1_177' title='bbox 1793 2630 1923 2706; x_wconf 87' lang='lat' dir='ltr'>uia</span> <span class='ocrx_word' id='word_1_178' title='bbox 1978 2623 2169 2708; x_wconf 89' lang='lat' dir='ltr'>faci-</span> 
     </span>
     <span class='ocr_line' id='line_1_27' title="bbox 224 2725 2174 2835; baseline -0.002 -22"><span class='ocrx_word' id='word_1_179' title='bbox 224 2731 382 2813; x_wconf 89' lang='lat' dir='ltr'>lius</span> <span class='ocrx_word' id='word_1_180' title='bbox 416 2727 612 2812; x_wconf 89' lang='lat' dir='ltr'>fallit</span> <span class='ocrx_word' id='word_1_181' title='bbox 642 2729 879 2830; x_wconf 68' lang='lat' dir='ltr'>alim,</span> <span class='ocrx_word' id='word_1_182' title='bbox 909 2733 1051 2832; x_wconf 82' lang='lat' dir='ltr'>qui</span> <span class='ocrx_word' id='word_1_183' title='bbox 1094 2731 1440 2835; x_wconf 87' lang='lat' dir='ltr'>primum</span> <span class='ocrx_word' id='word_1_184' title='bbox 1481 2732 1560 2809; x_wconf 88' lang='lat' dir='ltr'>se</span> <span class='ocrx_word' id='word_1_185' title='bbox 1609 2725 1765 2811; x_wconf 89' lang='lat' dir='ltr'>fefe</span> <span class='ocrx_word' id='word_1_186' title='bbox 1795 2728 1905 2810; x_wconf 88' lang='lat' dir='ltr'>lit.</span> <span class='ocrx_word' id='word_1_187' title='bbox 2005 2739 2174 2813; x_wconf 89' lang='lat' dir='ltr'>An-</span> 
     </span>
     <span class='ocr_line' id='line_1_28' title="bbox 226 2830 2254 2939; baseline -0 -26"><span class='ocrx_word' id='word_1_188' title='bbox 226 2832 400 2939; x_wconf 85' lang='lat' dir='ltr'>glus</span> <span class='ocrx_word' id='word_1_189' title='bbox 445 2833 760 2937; x_wconf 85' lang='lat' dir='ltr'>quidam</span> <span class='ocrx_word' id='word_1_190' title='bbox 812 2832 1009 2913; x_wconf 76' lang='lat' dir='ltr'>tales</span> <span class='ocrx_word' id='word_1_191' title='bbox 1066 2831 1389 2914; x_wconf 67' lang='lat' dir='ltr'>⁴vocabat</span> <span class='ocrx_word' id='word_1_192' title='bbox 1436 2830 1764 2913; x_wconf 88' lang='lat' dir='ltr'>deluded</span> <span class='ocrx_word' id='word_1_193' title='bbox 1796 2831 2171 2913; x_wconf 84' lang='lat' dir='ltr'>deluders.</span> <span class='ocrx_word' id='word_1_194' title='bbox 2251 2856 2254 2863; x_wconf 39' lang='lat'>⁸</span> 
     </span>
     <span class='ocr_line' id='line_1_29' title="bbox 214 2934 2171 3043; baseline -0.002 -25"><span class='ocrx_word' id='word_1_195' title='bbox 214 2936 409 3018; x_wconf 79' lang='lat' dir='ltr'><strong>&#39;Hos</strong></span> <span class='ocrx_word' id='word_1_196' title='bbox 437 2938 530 3016; x_wconf 91' lang='lat' dir='ltr'>ad</span> <span class='ocrx_word' id='word_1_197' title='bbox 563 2936 1172 3043; x_wconf 88' lang='lat' dir='ltr'>persuadendum</span> <span class='ocrx_word' id='word_1_198' title='bbox 1216 2934 1365 3043; x_wconf 82' lang='lat' dir='ltr'>effe</span> <span class='ocrx_word' id='word_1_199' title='bbox 1412 2935 1965 3040; x_wconf 73' lang='lat' dir='ltr'>efficacissimos</span> <span class='ocrx_word' id='word_1_200' title='bbox 2011 2936 2171 3014; x_wconf 84' lang='lat' dir='ltr'>sae-</span> 
     </span>
     <span class='ocr_line' id='line_1_30' title="bbox 226 3036 2170 3147; baseline 0.001 -30"><span class='ocrx_word' id='word_1_201' title='bbox 226 3064 333 3147; x_wconf 88' lang='lat' dir='ltr'>pe</span> <span class='ocrx_word' id='word_1_202' title='bbox 361 3042 648 3120; x_wconf 89' lang='lat' dir='ltr'>notaui.</span> <span class='ocrx_word' id='word_1_203' title='bbox 749 3038 1098 3122; x_wconf 89' lang='lat' dir='ltr'>Mundus</span> <span class='ocrx_word' id='word_1_204' title='bbox 1129 3036 1295 3118; x_wconf 88' lang='lat' dir='ltr'>vult</span> <span class='ocrx_word' id='word_1_205' title='bbox 1334 3038 1610 3144; x_wconf 78' lang='lat' dir='ltr'>decipi.</span> <span class='ocrx_word' id='word_1_206' title='bbox 1676 3042 1802 3117; x_wconf 89' lang='lat' dir='ltr'>Vn</span> <span class='ocrx_word' id='word_1_207' title='bbox 1818 3036 1937 3118; x_wconf 90' lang='lat' dir='ltr'>sot</span> <span class='ocrx_word' id='word_1_208' title='bbox 1953 3061 2170 3119; x_wconf 85' lang='lat' dir='ltr'>trou-</span> 
     </span>
     <span class='ocr_line' id='line_1_31' title="bbox 231 3140 2172 3246; baseline -0.001 -23"><span class='ocrx_word' id='word_1_209' title='bbox 231 3145 763 3237; x_wconf 71' lang='lat' dir='ltr'>uetousiours</span> <span class='ocrx_word' id='word_1_210' title='bbox 794 3167 897 3221; x_wconf 92' lang='lat' dir='ltr'>vn</span> <span class='ocrx_word' id='word_1_211' title='bbox 926 3140 1099 3246; x_wconf 87' lang='lat' dir='ltr'>plus</span> <span class='ocrx_word' id='word_1_212' title='bbox 1129 3140 1250 3222; x_wconf 91' lang='lat' dir='ltr'>sot</span> <span class='ocrx_word' id='word_1_213' title='bbox 1281 3144 1421 3243; x_wconf 88' lang='lat' dir='ltr'>qui</span> <span class='ocrx_word' id='word_1_214' title='bbox 1471 3141 1851 3221; x_wconf 76' lang='lat' dir='ltr'>l’admire.</span> <span class='ocrx_word' id='word_1_215' title='bbox 1903 3146 2172 3231; x_wconf 81' lang='lat' dir='ltr'>Hauo-</span> 
     </span>
     <span class='ocr_line' id='line_1_32' title="bbox 232 3241 1860 3348; baseline -0.007 -19"><span class='ocrx_word' id='word_1_216' title='bbox 232 3266 459 3329; x_wconf 85' lang='lat' dir='ltr'>uerae</span> <span class='ocrx_word' id='word_1_217' title='bbox 488 3266 674 3345; x_wconf 83' lang='lat'>1715.</span> <span class='ocrx_word' id='word_1_218' title='bbox 711 3243 784 3322; x_wconf 83' lang='lat' dir='ltr'>d.</span> <span class='ocrx_word' id='word_1_219' title='bbox 834 3269 946 3348; x_wconf 86' lang='lat'>19.</span> <span class='ocrx_word' id='word_1_220' title='bbox 983 3244 1412 3326; x_wconf 87' lang='lat' dir='ltr'>Nouembr.</span> <span class='ocrx_word' id='word_1_221' title='bbox 1437 3241 1860 3326; x_wconf 80' lang='lat' dir='ltr'>Kilonium.</span> 
     </span>
    </p>
   </div>
   <div class='ocr_carea' id='block_1_7' title="bbox 558 3432 1852 3549">
    <p class='ocr_par' dir='ltr' id='par_1_8' title="bbox 558 3432 1852 3549">
     <span class='ocr_line' id='line_1_33' title="bbox 558 3432 1852 3549; baseline 0.002 -22"><span class='ocrx_word' id='word_1_222' title='bbox 558 3432 1416 3530; x_wconf 77' lang='lat' dir='ltr'><strong>EPISTOLA</strong></span> <span class='ocrx_word' id='word_1_223' title='bbox 1516 3442 1852 3549; x_wconf 79' lang='lat' dir='ltr'><strong>Cxxlx.</strong></span> 
     </span>
    </p>
   </div>
   <div class='ocr_carea' id='block_1_8' title="bbox 96 3548 2322 3759">
    <p class='ocr_par' dir='ltr' id='par_1_9' title="bbox 96 3548 2322 3759">
     <span class='ocr_line' id='line_1_34' title="bbox 96 3548 2246 3664; baseline 0 -20"><span class='ocrx_word' id='word_1_224' title='bbox 96 3584 105 3591; x_wconf 75' lang='grc'><em>“</em></span> <span class='ocrx_word' id='word_1_225' title='bbox 233 3582 284 3650; x_wconf 84' lang='lat'>1.</span> <span class='ocrx_word' id='word_1_226' title='bbox 332 3579 425 3643; x_wconf 86' lang='lat' dir='ltr'>De</span> <span class='ocrx_word' id='word_1_227' title='bbox 440 3564 891 3664; x_wconf 61' lang='lat' dir='ltr'>Institutionibm</span> <span class='ocrx_word' id='word_1_228' title='bbox 905 3576 1148 3641; x_wconf 68' lang='lat' dir='ltr'>Medicis</span> <span class='ocrx_word' id='word_1_229' title='bbox 1168 3575 1618 3641; x_wconf 73' lang='lat' dir='ltr'>Schelbaemmeri.</span> <span class='ocrx_word' id='word_1_230' title='bbox 1649 3586 1654 3591; x_wconf 86' lang='lat'>&#39;</span> <span class='ocrx_word' id='word_1_231' title='bbox 1701 3584 1775 3643; x_wconf 87' lang='lat'>11.</span> <span class='ocrx_word' id='word_1_232' title='bbox 1821 3581 1892 3645; x_wconf 73' lang='lat' dir='ltr'>de</span> <span class='ocrx_word' id='word_1_233' title='bbox 1905 3556 2177 3649; x_wconf 60' lang='lat' dir='ltr'>tamdia.</span> <span class='ocrx_word' id='word_1_234' title='bbox 2231 3548 2246 3559; x_wconf 44' lang='grc'><em>“</em></span> 
     </span>
     <span class='ocr_line' id='line_1_35' title="bbox 326 3660 2322 3759; baseline 0.001 -29"><span class='ocrx_word' id='word_1_235' title='bbox 326 3664 505 3731; x_wconf 63' lang='grc' dir='ltr'>ἄποια</span> <span class='ocrx_word' id='word_1_236' title='bbox 522 3664 756 3733; x_wconf 71' lang='lat' dir='ltr'>Medica</span> <span class='ocrx_word' id='word_1_237' title='bbox 781 3665 1073 3759; x_wconf 53' lang='lat' dir='ltr'>conringii</span> <span class='ocrx_word' id='word_1_238' title='bbox 1101 3679 1158 3731; x_wconf 72' lang='lat' dir='ltr'>et</span> <span class='ocrx_word' id='word_1_239' title='bbox 1188 3667 1297 3733; x_wconf 78' lang='lat'>111.</span> <span class='ocrx_word' id='word_1_240' title='bbox 1332 3663 1404 3729; x_wconf 76' lang='lat' dir='ltr'>do</span> <span class='ocrx_word' id='word_1_241' title='bbox 1432 3660 1862 3734; x_wconf 77' lang='lat' dir='ltr'>Schelhammm’</span> <span class='ocrx_word' id='word_1_242' title='bbox 1888 3670 2135 3731; x_wconf 65' lang='lat' dir='ltr'>unitis.</span> <span class='ocrx_word' id='word_1_243' title='bbox 2317 3676 2322 3683; x_wconf 81' lang='grc'><strong>“</strong></span> 
     </span>
    </p>
   </div>
   <div class='ocr_carea' id='block_1_9' title="bbox 348 3856 535 3908">
    <p class='ocr_par' dir='ltr' id='par_1_10' title="bbox 348 3856 535 3908">
     <span class='ocr_line' id='line_1_36' title="bbox 348 3856 535 3908; baseline -0.011 -3"><span class='ocrx_word' id='word_1_244' title='bbox 348 3856 535 3908; x_wconf 62' lang='grc'>,1.</span> 
     </span>
    </p>
   </div>
   <div class='ocr_carea' id='block_1_10' title="bbox 1826 3769 2186 3875">
    <p class='ocr_par' dir='ltr' id='par_1_11' title="bbox 1826 3713 2414 3875">
     <span class='ocr_line' id='line_1_37' title="bbox 1826 3769 2186 3875; baseline 0.007 -27"><span class='ocrx_word' id='word_1_245' title='bbox 1826 3769 1880 3848; x_wconf 79' lang='lat'>1.</span> <span class='ocrx_word' id='word_1_246' title='bbox 1938 3769 2186 3875; x_wconf 66' lang='lat' dir='ltr'>Egre-</span> 
     </span>
    </p>
   </div>
  </div>
 </body>
</html>
