<?xml version="1.0" encoding="UTF-8"?>
<!DOCTYPE html PUBLIC "-//W3C//DTD XHTML 1.0 Transitional//EN"
    "http://www.w3.org/TR/xhtml1/DTD/xhtml1-transitional.dtd">
<html xmlns="http://www.w3.org/1999/xhtml" xml:lang="en" lang="en">
 <head>
  <title>
</title>
<meta http-equiv="Content-Type" content="text/html;charset=utf-8" />
  <meta name='ocr-system' content='tesseract 3.04.00' />
  <meta name='ocr-capabilities' content='ocr_page ocr_carea ocr_par ocr_line ocrx_word'/>
</head>
<body>
  <div class='ocr_page' id='page_1' title='image "./viriillvstratis00vongoog_0204.png"; bbox 0 0 2594 4255; ppageno 0'>
   <div class='ocr_carea' id='block_1_1' title="bbox 422 161 2132 325">
    <p class='ocr_par' dir='ltr' id='par_1_1' title="bbox 422 161 2132 325">
     <span class='ocr_line' id='line_1_1' title="bbox 422 161 2132 325; baseline -0.002 -21"><span class='ocrx_word' id='word_1_1' title='bbox 422 237 583 325; x_wconf 64' lang='lat'>170(</span> <span class='ocrx_word' id='word_1_2' title='bbox 692 161 790 298; x_wconf 72' lang='lat' dir='ltr'>o.</span> <span class='ocrx_word' id='word_1_3' title='bbox 840 220 939 299; x_wconf 83' lang='lat' dir='ltr'>o.</span> <span class='ocrx_word' id='word_1_4' title='bbox 986 215 1602 299; x_wconf 65' lang='lat' dir='ltr'>LEfflNiTu</span> <span class='ocrx_word' id='word_1_5' title='bbox 1651 217 1806 304; x_wconf 72' lang='grc' dir='ltr'>ΕΡ.</span> <span class='ocrx_word' id='word_1_6' title='bbox 1851 199 2132 302; x_wconf 65' lang='lat' dir='ltr'>cxxx.</span> 
     </span>
    </p>
   </div>
   <div class='ocr_carea' id='block_1_2' title="bbox 372 367 2445 1399">
    <p class='ocr_par' dir='ltr' id='par_1_2' title="bbox 372 367 2445 1399">
     <span class='ocr_line' id='line_1_2' title="bbox 372 367 2380 480; baseline 0.001 -27"><span class='ocrx_word' id='word_1_7' title='bbox 372 381 379 390; x_wconf 84' lang='lat'><strong><em>‘</em></strong></span> <span class='ocrx_word' id='word_1_8' title='bbox 423 373 662 468; x_wconf 61' lang='lat' dir='ltr'>cium,</span> <span class='ocrx_word' id='word_1_9' title='bbox 680 396 826 450; x_wconf 89' lang='lat' dir='ltr'>nec</span> <span class='ocrx_word' id='word_1_10' title='bbox 871 367 1214 474; x_wconf 86' lang='lat' dir='ltr'>partibus</span> <span class='ocrx_word' id='word_1_11' title='bbox 1260 372 1684 475; x_wconf 89' lang='lat' dir='ltr'>cognitum.</span> <span class='ocrx_word' id='word_1_12' title='bbox 1792 377 1902 454; x_wconf 87' lang='lat' dir='ltr'>Ita</span> <span class='ocrx_word' id='word_1_13' title='bbox 1947 372 2117 480; x_wconf 81' lang='lat' dir='ltr'>spes</span> <span class='ocrx_word' id='word_1_14' title='bbox 2164 373 2380 456; x_wconf 77' lang='lat' dir='ltr'>foret</span> 
     </span>
     <span class='ocr_line' id='line_1_3' title="bbox 418 469 2379 580; baseline 0.001 -22"><span class='ocrx_word' id='word_1_15' title='bbox 418 479 649 580; x_wconf 81' lang='lat' dir='ltr'>aequi</span> <span class='ocrx_word' id='word_1_16' title='bbox 682 473 994 571; x_wconf 83' lang='lat' dir='ltr'>iudicii&#39;,</span> <span class='ocrx_word' id='word_1_17' title='bbox 1028 469 1167 552; x_wconf 89' lang='lat' dir='ltr'>nifi</span> <span class='ocrx_word' id='word_1_18' title='bbox 1197 474 1369 553; x_wconf 83' lang='lat' dir='ltr'>iure</span> <span class='ocrx_word' id='word_1_19' title='bbox 1405 477 1706 555; x_wconf 90' lang='lat' dir='ltr'>incerto</span> <span class='ocrx_word' id='word_1_20' title='bbox 1752 498 1832 558; x_wconf 90' lang='lat' dir='ltr'>et</span> <span class='ocrx_word' id='word_1_21' title='bbox 1876 471 2129 558; x_wconf 89' lang='lat' dir='ltr'>forma</span> <span class='ocrx_word' id='word_1_22' title='bbox 2178 476 2379 560; x_wconf 85' lang='lat' dir='ltr'>iudi·</span> 
     </span>
     <span class='ocr_line' id='line_1_4' title="bbox 425 573 2376 677; baseline 0.001 -17"><span class='ocrx_word' id='word_1_23' title='bbox 425 583 736 660; x_wconf 83' lang='lat' dir='ltr'>ciorum</span> <span class='ocrx_word' id='word_1_24' title='bbox 772 573 1309 655; x_wconf 78' lang='lat' dir='ltr'><strong>laboraremus,</strong></span> <span class='ocrx_word' id='word_1_25' title='bbox 1417 575 1797 677; x_wconf 85' lang='lat' dir='ltr'><strong>Equidem</strong></span> <span class='ocrx_word' id='word_1_26' title='bbox 1813 578 2172 660; x_wconf 80' lang='lat' dir='ltr'>ordinem</span> <span class='ocrx_word' id='word_1_27' title='bbox 2187 585 2376 661; x_wconf 88' lang='lat' dir='ltr'>Pro·</span> 
     </span>
     <span class='ocr_line' id='line_1_5' title="bbox 423 673 2371 784; baseline 0.002 -23"><span class='ocrx_word' id='word_1_28' title='bbox 423 679 667 782; x_wconf 79' lang='lat' dir='ltr'>ceffus</span> <span class='ocrx_word' id='word_1_29' title='bbox 735 674 1150 756; x_wconf 84' lang='lat' dir='ltr'>reformare</span> <span class='ocrx_word' id='word_1_30' title='bbox 1205 702 1368 758; x_wconf 90' lang='lat' dir='ltr'>non</span> <span class='ocrx_word' id='word_1_31' title='bbox 1413 673 1622 758; x_wconf 87' lang='lat' dir='ltr'>foret</span> <span class='ocrx_word' id='word_1_32' title='bbox 1667 679 2027 784; x_wconf 87' lang='lat' dir='ltr'>difficile,</span> <span class='ocrx_word' id='word_1_33' title='bbox 2072 706 2151 762; x_wconf 88' lang='lat' dir='ltr'>et</span> <span class='ocrx_word' id='word_1_34' title='bbox 2195 681 2371 765; x_wconf 85' lang='lat' dir='ltr'>lites</span> 
     </span>
     <span class='ocr_line' id='line_1_6' title="bbox 422 777 2376 889; baseline 0 -24"><span class='ocrx_word' id='word_1_35' title='bbox 422 782 882 874; x_wconf 74' lang='lat' dir='ltr'>contrahere</span> <span class='ocrx_word' id='word_1_36' title='bbox 921 777 1185 859; x_wconf 85' lang='lat' dir='ltr'>saltem</span> <span class='ocrx_word' id='word_1_37' title='bbox 1216 782 1300 858; x_wconf 85' lang='lat' dir='ltr'>in</span> <span class='ocrx_word' id='word_1_38' title='bbox 1326 782 1698 881; x_wconf 86' lang='lat' dir='ltr'>Principis</span> <span class='ocrx_word' id='word_1_39' title='bbox 1713 781 2038 888; x_wconf 86' lang='lat' dir='ltr'><strong>ditione,</strong></span> <span class='ocrx_word' id='word_1_40' title='bbox 2062 789 2189 889; x_wconf 89' lang='lat' dir='ltr'>qui</span> <span class='ocrx_word' id='word_1_41' title='bbox 2208 784 2376 866; x_wconf 87' lang='lat' dir='ltr'>hoc</span> 
     </span>
     <span class='ocr_line' id='line_1_7' title="bbox 403 879 2445 990; baseline 0.001 -26"><span class='ocrx_word' id='word_1_42' title='bbox 403 884 678 988; x_wconf 55' lang='lat' dir='ltr'>vellet.</span> <span class='ocrx_word' id='word_1_43' title='bbox 781 887 1051 984; x_wconf 83' lang='lat' dir='ltr'>Neque</span> <span class='ocrx_word' id='word_1_44' title='bbox 1083 886 1296 961; x_wconf 83' lang='lat' dir='ltr'>enim</span> <span class='ocrx_word' id='word_1_45' title='bbox 1329 879 1537 990; x_wconf 73' lang='lat' dir='ltr'>aliud</span> <span class='ocrx_word' id='word_1_46' title='bbox 1570 882 1677 986; x_wconf 78' lang='lat' dir='ltr'>est</span> <span class='ocrx_word' id='word_1_47' title='bbox 1706 885 2153 968; x_wconf 78' lang='lat' dir='ltr'>iudiciarias</span> <span class='ocrx_word' id='word_1_48' title='bbox 2182 890 2364 966; x_wconf 84' lang='lat' dir='ltr'>Pro·</span> <span class='ocrx_word' id='word_1_49' title='bbox 2442 927 2445 934; x_wconf 80' lang='grc'><em>·</em></span> 
     </span>
     <span class='ocr_line' id='line_1_8' title="bbox 422 982 2398 1169; baseline -0.001 -100"><span class='ocrx_word' id='word_1_50' title='bbox 422 986 693 1086; x_wconf 71' lang='lat' dir='ltr'>cestha,</span> <span class='ocrx_word' id='word_1_51' title='bbox 707 1010 935 1169; x_wconf 54' lang='lat' dir='ltr'>guam</span> <span class='ocrx_word' id='word_1_52' title='bbox 1020 982 1334 1065; x_wconf 78' lang='lat' dir='ltr'><strong>uaedam</strong></span> <span class='ocrx_word' id='word_1_53' title='bbox 1363 987 1698 1090; x_wconf 88' lang='lat' dir='ltr'>Logicae</span> <span class='ocrx_word' id='word_1_54' title='bbox 1714 990 1896 1069; x_wconf 90' lang='lat' dir='ltr'>artis</span> <span class='ocrx_word' id='word_1_55' title='bbox 1924 993 2398 1072; x_wconf 60' lang='lat' dir='ltr'>accommo4‘</span> 
     </span>
     <span class='ocr_line' id='line_1_9' title="bbox 423 1085 2364 1195; baseline 0.002 -25"><span class='ocrx_word' id='word_1_56' title='bbox 423 1087 636 1170; x_wconf 86' lang='lat' dir='ltr'>datio</span> <span class='ocrx_word' id='word_1_57' title='bbox 663 1115 701 1169; x_wconf 92' lang='lat' dir='ltr'>a</span> <span class='ocrx_word' id='word_1_58' title='bbox 791 1113 932 1168; x_wconf 91' lang='lat' dir='ltr'>cau</span> <span class='ocrx_word' id='word_1_59' title='bbox 1033 1112 1068 1166; x_wconf 89' lang='lat' dir='ltr'>s</span> <span class='ocrx_word' id='word_1_60' title='bbox 1121 1085 1341 1178; x_wconf 82' lang='lat' dir='ltr'>mista</span> <span class='ocrx_word' id='word_1_61' title='bbox 1380 1112 1557 1166; x_wconf 89' lang='lat' dir='ltr'>cum</span> <span class='ocrx_word' id='word_1_62' title='bbox 1603 1090 1932 1192; x_wconf 85' lang='lat' dir='ltr'>cogendi</span> <span class='ocrx_word' id='word_1_63' title='bbox 1975 1091 2364 1195; x_wconf 85' lang='lat' dir='ltr'>potestate.</span> 
     </span>
     <span class='ocr_line' id='line_1_10' title="bbox 422 1188 2364 1276; baseline 0.002 -4"><span class='ocrx_word' id='word_1_64' title='bbox 422 1194 570 1274; x_wconf 87' lang='lat' dir='ltr'>Sed</span> <span class='ocrx_word' id='word_1_65' title='bbox 610 1193 827 1272; x_wconf 89' lang='lat' dir='ltr'>-iuris</span> <span class='ocrx_word' id='word_1_66' title='bbox 878 1188 1404 1270; x_wconf 86' lang='lat' dir='ltr'>incertitudini</span> <span class='ocrx_word' id='word_1_67' title='bbox 1453 1189 1749 1271; x_wconf 83' lang='lat' dir='ltr'>mederi</span> <span class='ocrx_word' id='word_1_68' title='bbox 1794 1191 2191 1274; x_wconf 88' lang='lat' dir='ltr'>difficilius</span> <span class='ocrx_word' id='word_1_69' title='bbox 2236 1195 2364 1276; x_wconf 84' lang='lat' dir='ltr'>est.</span> 
     </span>
     <span class='ocr_line' id='line_1_11' title="bbox 420 1288 2366 1399; baseline -0.001 -22"><span class='ocrx_word' id='word_1_70' title='bbox 420 1297 790 1399; x_wconf 82' lang='lat' dir='ltr'>Cogitaui</span> <span class='ocrx_word' id='word_1_71' title='bbox 818 1291 1222 1392; x_wconf 83' lang='lat' dir='ltr'>aliquando</span> <span class='ocrx_word' id='word_1_72' title='bbox 1256 1348 1278 1382; x_wconf 92' lang='lat'><strong>,</strong></span> <span class='ocrx_word' id='word_1_73' title='bbox 1333 1288 1388 1374; x_wconf 89' lang='lat' dir='ltr'><strong>fi</strong></span> <span class='ocrx_word' id='word_1_74' title='bbox 1437 1289 1951 1374; x_wconf 85' lang='lat' dir='ltr'>Iurisconsulti</span> <span class='ocrx_word' id='word_1_75' title='bbox 2012 1293 2366 1379; x_wconf 84' lang='lat' dir='ltr'>celebres</span> 
     </span>
    </p>
   </div>
   <div class='ocr_carea' id='block_1_3' title="bbox 297 1389 2363 1499">
    <p class='ocr_par' dir='ltr' id='par_1_3' title="bbox 297 1389 2363 1499">
     <span class='ocr_line' id='line_1_12' title="bbox 297 1389 2363 1499; baseline -0.004 -16"><span class='ocrx_word' id='word_1_76' title='bbox 297 1471 310 1483; x_wconf 93' lang='lat'>.</span> <span class='ocrx_word' id='word_1_77' title='bbox 357 1389 365 1405; x_wconf 81' lang='grc'><strong>’</strong></span> <span class='ocrx_word' id='word_1_78' title='bbox 420 1400 878 1480; x_wconf 76' lang='lat' dir='ltr'>Germaniae</span> <span class='ocrx_word' id='word_1_79' title='bbox 924 1394 1162 1473; x_wconf 88' lang='lat' dir='ltr'>studia</span> <span class='ocrx_word' id='word_1_80' title='bbox 1210 1397 1870 1497; x_wconf 66' lang='lat' dir='ltr'>communicarent</span> <span class='ocrx_word' id='word_1_81' title='bbox 1899 1454 1923 1496; x_wconf 89' lang='lat'>,</span> <span class='ocrx_word' id='word_1_82' title='bbox 1964 1392 2175 1499; x_wconf 82' lang='lat' dir='ltr'>poffe</span> <span class='ocrx_word' id='word_1_83' title='bbox 2218 1397 2363 1475; x_wconf 88' lang='lat' dir='ltr'>ali-</span> 
     </span>
    </p>
   </div>
   <div class='ocr_carea' id='block_1_4' title="bbox 358 1494 2408 3859">
    <p class='ocr_par' dir='ltr' id='par_1_4' title="bbox 358 1494 2408 3859">
     <span class='ocr_line' id='line_1_13' title="bbox 388 1494 2360 1602; baseline -0.004 -24"><span class='ocrx_word' id='word_1_84' title='bbox 388 1501 607 1602; x_wconf 81' lang='lat' dir='ltr'>quid</span> <span class='ocrx_word' id='word_1_85' title='bbox 645 1498 970 1598; x_wconf 89' lang='lat' dir='ltr'>confici,</span> <span class='ocrx_word' id='word_1_86' title='bbox 1016 1495 1234 1599; x_wconf 79' lang='lat' dir='ltr'>quod</span> <span class='ocrx_word' id='word_1_87' title='bbox 1280 1498 1532 1602; x_wconf 86' lang='lat' dir='ltr'>postea</span> <span class='ocrx_word' id='word_1_88' title='bbox 1580 1500 1904 1579; x_wconf 86' lang='lat' dir='ltr'>Domini</span> <span class='ocrx_word' id='word_1_89' title='bbox 1955 1521 2113 1576; x_wconf 94' lang='lat' dir='ltr'>non</span> <span class='ocrx_word' id='word_1_90' title='bbox 2157 1494 2360 1577; x_wconf 61' lang='lat' dir='ltr'>diffi,</span> 
     </span>
     <span class='ocr_line' id='line_1_14' title="bbox 358 1598 2408 1707; baseline 0 -27"><span class='ocrx_word' id='word_1_91' title='bbox 358 1665 368 1680; x_wconf 91' lang='lat'>.</span> <span class='ocrx_word' id='word_1_92' title='bbox 424 1602 678 1684; x_wconf 89' lang='lat' dir='ltr'>culter</span> <span class='ocrx_word' id='word_1_93' title='bbox 726 1600 1334 1707; x_wconf 82' lang='lat' dir='ltr'>comprobarent.</span> <span class='ocrx_word' id='word_1_94' title='bbox 1449 1598 1596 1680; x_wconf 85' lang='lat' dir='ltr'>Sed</span> <span class='ocrx_word' id='word_1_95' title='bbox 1648 1600 1876 1682; x_wconf 88' lang='lat' dir='ltr'>multi</span> <span class='ocrx_word' id='word_1_96' title='bbox 1936 1625 2035 1680; x_wconf 80' lang='lat' dir='ltr'>ex</span> <span class='ocrx_word' id='word_1_97' title='bbox 2082 1621 2357 1680; x_wconf 81' lang='lat' dir='ltr'>eorum</span> <span class='ocrx_word' id='word_1_98' title='bbox 2403 1635 2408 1644; x_wconf 87' lang='lat'><em>·</em></span> 
     </span>
     <span class='ocr_line' id='line_1_15' title="bbox 417 1700 2364 1815; baseline -0.003 -30"><span class='ocrx_word' id='word_1_99' title='bbox 417 1729 783 1807; x_wconf 82' lang='lat' dir='ltr'>numero,</span> <span class='ocrx_word' id='word_1_100' title='bbox 803 1717 811 1774; x_wconf 83' lang='grc' dir='ltr'>ἰ</span> <span class='ocrx_word' id='word_1_101' title='bbox 826 1702 1123 1815; x_wconf 84' lang='lat' dir='ltr'>quibus.</span> <span class='ocrx_word' id='word_1_102' title='bbox 1165 1703 1271 1784; x_wconf 88' lang='lat' dir='ltr'>est</span> <span class='ocrx_word' id='word_1_103' title='bbox 1316 1700 1722 1784; x_wconf 65' lang='lat' dir='ltr'>aufioritas</span> <span class='ocrx_word' id='word_1_104' title='bbox 1752 1765 1777 1805; x_wconf 89' lang='lat'>,</span> <span class='ocrx_word' id='word_1_105' title='bbox 1821 1701 2364 1792; x_wconf 78' lang='lat' dir='ltr'>incertitudine</span> 
     </span>
     <span class='ocr_line' id='line_1_16' title="bbox 384 1804 2369 1918; baseline -0.003 -30"><span class='ocrx_word' id='word_1_106' title='bbox 384 1809 614 1918; x_wconf 49' lang='lat' dir='ltr'>»iuris</span> <span class='ocrx_word' id='word_1_107' title='bbox 655 1809 734 1887; x_wconf 94' lang='lat' dir='ltr'>in</span> <span class='ocrx_word' id='word_1_108' title='bbox 767 1804 928 1888; x_wconf 91' lang='lat' dir='ltr'>finu</span> <span class='ocrx_word' id='word_1_109' title='bbox 959 1807 1284 1909; x_wconf 78' lang='lat' dir='ltr'>gaudent</span> <span class='ocrx_word' id='word_1_110' title='bbox 1316 1809 1584 1908; x_wconf 84' lang='lat' dir='ltr'>tacite,</span> <span class='ocrx_word' id='word_1_111' title='bbox 1616 1805 1825 1908; x_wconf 90' lang='lat' dir='ltr'>quod</span> <span class='ocrx_word' id='word_1_112' title='bbox 1867 1805 2045 1906; x_wconf 83' lang='lat' dir='ltr'>inde</span> <span class='ocrx_word' id='word_1_113' title='bbox 2061 1805 2369 1912; x_wconf 78' lang='lat' dir='ltr'>amplis-</span> 
     </span>
     <span class='ocr_line' id='line_1_17' title="bbox 418 1907 2369 1994; baseline -0.003 0"><span class='ocrx_word' id='word_1_114' title='bbox 418 1909 689 1994; x_wconf 84' lang='lat' dir='ltr'>fimam</span> <span class='ocrx_word' id='word_1_115' title='bbox 721 1935 800 1990; x_wconf 91' lang='lat' dir='ltr'>et</span> <span class='ocrx_word' id='word_1_116' title='bbox 832 1909 1273 1991; x_wconf 88' lang='lat' dir='ltr'>ditiffimam</span> <span class='ocrx_word' id='word_1_117' title='bbox 1318 1907 1645 1988; x_wconf 84' lang='lat' dir='ltr'>habeant</span> <span class='ocrx_word' id='word_1_118' title='bbox 1692 1908 2008 1990; x_wconf 84' lang='lat' dir='ltr'>messem</span> <span class='ocrx_word' id='word_1_119' title='bbox 2050 1908 2369 1989; x_wconf 88' lang='lat' dir='ltr'>casuum</span> 
     </span>
     <span class='ocr_line' id='line_1_18' title="bbox 421 2009 2371 2200; baseline -0.001 -107"><span class='ocrx_word' id='word_1_120' title='bbox 421 2038 569 2200; x_wconf 59' lang='lat' dir='ltr'>gro</span> <span class='ocrx_word' id='word_1_121' title='bbox 604 2018 879 2093; x_wconf 83' lang='lat' dir='ltr'>amico.</span> <span class='ocrx_word' id='word_1_122' title='bbox 982 2011 1416 2113; x_wconf 84' lang='lat' dir='ltr'>Aliquando</span> <span class='ocrx_word' id='word_1_123' title='bbox 1446 2010 1656 2091; x_wconf 92' lang='lat' dir='ltr'>velut</span> <span class='ocrx_word' id='word_1_124' title='bbox 1686 2009 1979 2094; x_wconf 87' lang='lat' dir='ltr'>tabulas</span> <span class='ocrx_word' id='word_1_125' title='bbox 2009 2010 2371 2114; x_wconf 81' lang='lat' dir='ltr'>quasdam</span> 
     </span>
     <span class='ocr_line' id='line_1_19' title="bbox 480 2113 2368 2219; baseline -0.003 -21"><span class='ocrx_word' id='word_1_126' title='bbox 480 2116 1042 2198; x_wconf 82' lang='lat' dir='ltr'>reuiffimarum</span> <span class='ocrx_word' id='word_1_127' title='bbox 1079 2115 1342 2219; x_wconf 89' lang='lat' dir='ltr'>legum</span> <span class='ocrx_word' id='word_1_128' title='bbox 1374 2115 1697 2219; x_wconf 90' lang='lat' dir='ltr'>concepi</span> <span class='ocrx_word' id='word_1_129' title='bbox 1730 2118 2038 2217; x_wconf 89' lang='lat' dir='ltr'>animo,</span> <span class='ocrx_word' id='word_1_130' title='bbox 2074 2117 2168 2195; x_wconf 89' lang='lat' dir='ltr'>ad</span> <span class='ocrx_word' id='word_1_131' title='bbox 2195 2113 2227 2193; x_wconf 71' lang='grc' dir='ltr'><em>Ι</em></span> <span class='ocrx_word' id='word_1_132' title='bbox 2282 2138 2368 2192; x_wconf 82' lang='lat' dir='ltr'>e·-</span> 
     </span>
     <span class='ocr_line' id='line_1_20' title="bbox 419 2217 2370 2320; baseline -0.001 -23"><span class='ocrx_word' id='word_1_133' title='bbox 419 2223 631 2298; x_wconf 90' lang='lat' dir='ltr'>ciem</span> <span class='ocrx_word' id='word_1_134' title='bbox 676 2217 1308 2299; x_wconf 88' lang='lat' dir='ltr'>decemuiralium</span> <span class='ocrx_word' id='word_1_135' title='bbox 1351 2222 1869 2300; x_wconf 83' lang='lat' dir='ltr'>Romanarum</span> <span class='ocrx_word' id='word_1_136' title='bbox 1903 2280 1928 2320; x_wconf 89' lang='lat'>,</span> <span class='ocrx_word' id='word_1_137' title='bbox 1961 2220 2046 2298; x_wconf 87' lang='lat' dir='ltr'>in</span> <span class='ocrx_word' id='word_1_138' title='bbox 2085 2219 2222 2320; x_wconf 91' lang='lat' dir='ltr'>qui</span> <span class='ocrx_word' id='word_1_139' title='bbox 2280 2239 2370 2296; x_wconf 82' lang='lat' dir='ltr'>us</span> 
     </span>
     <span class='ocr_line' id='line_1_21' title="bbox 418 2317 2374 2426; baseline -0.003 -23"><span class='ocrx_word' id='word_1_140' title='bbox 418 2317 643 2403; x_wconf 85' lang='lat' dir='ltr'>fimul</span> <span class='ocrx_word' id='word_1_141' title='bbox 677 2318 1016 2401; x_wconf 87' lang='lat' dir='ltr'>eluceret</span> <span class='ocrx_word' id='word_1_142' title='bbox 1048 2324 1381 2424; x_wconf 83' lang='lat' dir='ltr'>aequitas</span> <span class='ocrx_word' id='word_1_143' title='bbox 1413 2343 1492 2400; x_wconf 90' lang='lat' dir='ltr'>et</span> <span class='ocrx_word' id='word_1_144' title='bbox 1507 2318 2120 2426; x_wconf 86' lang='lat' dir='ltr'>comprehenfi0‚</span> <span class='ocrx_word' id='word_1_145' title='bbox 2146 2320 2374 2400; x_wconf 87' lang='lat' dir='ltr'>omni</span> 
     </span>
     <span class='ocr_line' id='line_1_22' title="bbox 417 2421 2373 2531; baseline 0 -27"><span class='ocrx_word' id='word_1_146' title='bbox 417 2422 741 2504; x_wconf 85' lang='lat' dir='ltr'>casuum</span> <span class='ocrx_word' id='word_1_147' title='bbox 783 2426 1142 2506; x_wconf 86' lang='lat' dir='ltr'>varietate</span> <span class='ocrx_word' id='word_1_148' title='bbox 1190 2450 1328 2531; x_wconf 86' lang='lat' dir='ltr'>per</span> <span class='ocrx_word' id='word_1_149' title='bbox 1388 2424 1778 2504; x_wconf 85' lang='lat' dir='ltr'>rationum</span> <span class='ocrx_word' id='word_1_150' title='bbox 1825 2421 2373 2527; x_wconf 84' lang='lat' dir='ltr'>amplitudines</span> 
     </span>
     <span class='ocr_line' id='line_1_23' title="bbox 422 2523 2371 2632; baseline -0.002 -25"><span class='ocrx_word' id='word_1_151' title='bbox 422 2549 819 2629; x_wconf 85' lang='lat' dir='ltr'>tamquam</span> <span class='ocrx_word' id='word_1_152' title='bbox 852 2526 1206 2632; x_wconf 75' lang='lat' dir='ltr'>indagine</span> <span class='ocrx_word' id='word_1_153' title='bbox 1226 2590 1250 2627; x_wconf 90' lang='lat'>,</span> <span class='ocrx_word' id='word_1_154' title='bbox 1280 2524 1531 2608; x_wconf 60' lang='lat' dir='ltr'>cincla</span> <span class='ocrx_word' id='word_1_155' title='bbox 1552 2587 1577 2627; x_wconf 90' lang='lat'>,</span> <span class='ocrx_word' id='word_1_156' title='bbox 1608 2547 1696 2606; x_wconf 87' lang='lat' dir='ltr'>vt</span> <span class='ocrx_word' id='word_1_157' title='bbox 1727 2525 2026 2608; x_wconf 77' lang='lat' dir='ltr'>nullum</span> <span class='ocrx_word' id='word_1_158' title='bbox 2061 2524 2244 2605; x_wconf 82' lang='lat' dir='ltr'>effet</span> <span class='ocrx_word' id='word_1_159' title='bbox 2259 2523 2371 2603; x_wconf 76' lang='lat' dir='ltr'>al-</span> 
     </span>
     <span class='ocr_line' id='line_1_24' title="bbox 416 2622 2367 2735; baseline -0.004 -23"><span class='ocrx_word' id='word_1_160' title='bbox 416 2628 868 2734; x_wconf 76' lang='lat' dir='ltr'>legationis,</span> <span class='ocrx_word' id='word_1_161' title='bbox 898 2629 979 2709; x_wconf 90' lang='lat' dir='ltr'>id</span> <span class='ocrx_word' id='word_1_162' title='bbox 1009 2628 1493 2730; x_wconf 67' lang='lat' dir='ltr'>estastionis‚</span> <span class='ocrx_word' id='word_1_163' title='bbox 1542 2630 2023 2735; x_wconf 87' lang='lat' dir='ltr'>exceptionis</span> <span class='ocrx_word' id='word_1_164' title='bbox 2054 2686 2081 2726; x_wconf 87' lang='lat'>‚</span> <span class='ocrx_word' id='word_1_165' title='bbox 2135 2622 2367 2731; x_wconf 52' lang='lat' dir='ltr'>repliv</span> 
     </span>
     <span class='ocr_line' id='line_1_25' title="bbox 418 2721 2365 2836; baseline -0.004 -22"><span class='ocrx_word' id='word_1_166' title='bbox 418 2735 904 2831; x_wconf 85' lang='lat' dir='ltr'>cationisque</span> <span class='ocrx_word' id='word_1_167' title='bbox 937 2733 1472 2834; x_wconf 88' lang='lat' dir='ltr'>cuiuscunque</span> <span class='ocrx_word' id='word_1_168' title='bbox 1505 2753 1728 2836; x_wconf 90' lang='lat' dir='ltr'>caput</span> <span class='ocrx_word' id='word_1_169' title='bbox 1758 2791 1783 2830; x_wconf 90' lang='lat'>,</span> <span class='ocrx_word' id='word_1_170' title='bbox 1830 2732 2049 2808; x_wconf 88' lang='lat' dir='ltr'>cuius</span> <span class='ocrx_word' id='word_1_171' title='bbox 2092 2721 2365 2807; x_wconf 86' lang='lat' dir='ltr'>funda-</span> 
     </span>
     <span class='ocr_line' id='line_1_26' title="bbox 419 2829 2404 2936; baseline -0.002 -19"><span class='ocrx_word' id='word_1_172' title='bbox 419 2854 782 2917; x_wconf 87' lang='lat' dir='ltr'>mentum</span> <span class='ocrx_word' id='word_1_173' title='bbox 813 2834 895 2910; x_wconf 91' lang='lat' dir='ltr'>in</span> <span class='ocrx_word' id='word_1_174' title='bbox 926 2836 1022 2911; x_wconf 88' lang='lat' dir='ltr'>iis</span> <span class='ocrx_word' id='word_1_175' title='bbox 1051 2852 1442 2936; x_wconf 84' lang='lat' dir='ltr'>tamquam</span> <span class='ocrx_word' id='word_1_176' title='bbox 1472 2836 1554 2915; x_wconf 90' lang='lat' dir='ltr'>in</span> <span class='ocrx_word' id='word_1_177' title='bbox 1588 2832 1762 2915; x_wconf 88' lang='lat' dir='ltr'>albo</span> <span class='ocrx_word' id='word_1_178' title='bbox 1786 2831 2199 2930; x_wconf 83' lang='lat' dir='ltr'>Praetoris,</span> <span class='ocrx_word' id='word_1_179' title='bbox 2246 2829 2368 2911; x_wconf 87' lang='lat' dir='ltr'>di·</span> <span class='ocrx_word' id='word_1_180' title='bbox 2399 2906 2404 2914; x_wconf 91' lang='lat'>.</span> 
     </span>
     <span class='ocr_line' id='line_1_27' title="bbox 418 2929 2371 3043; baseline 0.001 -25"><span class='ocrx_word' id='word_1_181' title='bbox 418 2941 599 3043; x_wconf 87' lang='lat' dir='ltr'>gito</span> <span class='ocrx_word' id='word_1_182' title='bbox 627 2934 1026 3016; x_wconf 83' lang='lat' dir='ltr'>monstrari</span> <span class='ocrx_word' id='word_1_183' title='bbox 1068 2961 1227 3015; x_wconf 92' lang='lat' dir='ltr'>non</span> <span class='ocrx_word' id='word_1_184' title='bbox 1371 2933 1521 3016; x_wconf 86' lang='lat' dir='ltr'>ffet.</span> <span class='ocrx_word' id='word_1_185' title='bbox 1710 2929 1921 3017; x_wconf 87' lang='lat' dir='ltr'>uodfi</span> <span class='ocrx_word' id='word_1_186' title='bbox 1951 2931 2371 3036; x_wconf 86' lang='lat' dir='ltr'>aliquando</span> 
     </span>
     <span class='ocr_line' id='line_1_28' title="bbox 416 3035 2371 3147; baseline 0.001 -28"><span class='ocrx_word' id='word_1_187' title='bbox 416 3037 877 3147; x_wconf 75' lang='lat' dir='ltr'>perficiendi</span> <span class='ocrx_word' id='word_1_188' title='bbox 904 3098 927 3134; x_wconf 85' lang='lat'><strong>‚</strong></span> <span class='ocrx_word' id='word_1_189' title='bbox 958 3040 1215 3117; x_wconf 90' lang='lat' dir='ltr'>otium</span> <span class='ocrx_word' id='word_1_190' title='bbox 1283 3041 1530 3141; x_wconf 81' lang='lat' dir='ltr'>uerit,</span> <span class='ocrx_word' id='word_1_191' title='bbox 1559 3036 1691 3118; x_wconf 93' lang='lat' dir='ltr'>vbi</span> <span class='ocrx_word' id='word_1_192' title='bbox 1749 3035 1979 3119; x_wconf 80' lang='lat' dir='ltr'>abore</span> <span class='ocrx_word' id='word_1_193' title='bbox 2023 3036 2371 3139; x_wconf 80' lang='lat' dir='ltr'>quodam</span> 
     </span>
     <span class='ocr_line' id='line_1_29' title="bbox 422 3137 2367 3226; baseline -0.003 -5"><span class='ocrx_word' id='word_1_194' title='bbox 422 3138 833 3224; x_wconf 70' lang='lat' dir='ltr'>defunstus</span> <span class='ocrx_word' id='word_1_195' title='bbox 874 3137 1097 3220; x_wconf 87' lang='lat' dir='ltr'>fuero</span> <span class='ocrx_word' id='word_1_196' title='bbox 1129 3197 1153 3226; x_wconf 89' lang='lat'>‚</span> <span class='ocrx_word' id='word_1_197' title='bbox 1204 3139 1803 3222; x_wconf 83' lang='lat' dir='ltr'>communicabo</span> <span class='ocrx_word' id='word_1_198' title='bbox 1853 3164 2037 3221; x_wconf 88' lang='lat' dir='ltr'>cum</span> <span class='ocrx_word' id='word_1_199' title='bbox 2084 3140 2367 3221; x_wconf 80' lang='lat' dir='ltr'>intelli·</span> 
     </span>
     <span class='ocr_line' id='line_1_30' title="bbox 416 3238 2367 3348; baseline 0 -29"><span class='ocrx_word' id='word_1_200' title='bbox 416 3241 785 3344; x_wconf 82' lang='lat' dir='ltr'>gentibus</span> <span class='ocrx_word' id='word_1_201' title='bbox 815 3240 1083 3323; x_wconf 89' lang='lat' dir='ltr'>talium</span> <span class='ocrx_word' id='word_1_202' title='bbox 1112 3244 1299 3325; x_wconf 88' lang='lat' dir='ltr'>viris</span> <span class='ocrx_word' id='word_1_203' title='bbox 1330 3238 1747 3348; x_wconf 75' lang='lat' dir='ltr'>infignibu&#39;s</span> <span class='ocrx_word' id='word_1_204' title='bbox 1764 3246 1886 3346; x_wconf 81' lang='lat' dir='ltr'>‚T</span> <span class='ocrx_word' id='word_1_205' title='bbox 1886 3270 2117 3324; x_wconf 86' lang='lat' dir='ltr'>ecum</span> <span class='ocrx_word' id='word_1_206' title='bbox 2137 3242 2367 3348; x_wconf 87' lang='lat' dir='ltr'>inpri-</span> 
     </span>
     <span class='ocr_line' id='line_1_31' title="bbox 420 3343 2369 3452; baseline -0.001 -26"><span class='ocrx_word' id='word_1_207' title='bbox 420 3344 577 3426; x_wconf 85' lang='lat' dir='ltr'>mis</span> <span class='ocrx_word' id='word_1_208' title='bbox 609 3403 635 3440; x_wconf 91' lang='lat'>,</span> <span class='ocrx_word' id='word_1_209' title='bbox 686 3368 769 3426; x_wconf 90' lang='lat' dir='ltr'>vt</span> <span class='ocrx_word' id='word_1_210' title='bbox 820 3344 1210 3452; x_wconf 75' lang='lat' dir='ltr'>specImen</span> <span class='ocrx_word' id='word_1_211' title='bbox 1262 3343 1575 3449; x_wconf 89' lang='lat' dir='ltr'>aliquod</span> <span class='ocrx_word' id='word_1_212' title='bbox 1623 3346 1715 3425; x_wconf 91' lang='lat' dir='ltr'>ad</span> <span class='ocrx_word' id='word_1_213' title='bbox 1763 3345 2110 3452; x_wconf 84' lang='lat' dir='ltr'>posteros</span> <span class='ocrx_word' id='word_1_214' title='bbox 2157 3365 2369 3424; x_wconf 86' lang='lat' dir='ltr'>extet</span> 
     </span>
     <span class='ocr_line' id='line_1_32' title="bbox 424 3446 2371 3551; baseline 0.001 -25"><span class='ocrx_word' id='word_1_215' title='bbox 424 3469 586 3551; x_wconf 89' lang='lat' dir='ltr'>quo</span> <span class='ocrx_word' id='word_1_216' title='bbox 616 3447 935 3528; x_wconf 86' lang='lat' dir='ltr'>excitari</span> <span class='ocrx_word' id='word_1_217' title='bbox 966 3448 1060 3530; x_wconf 89' lang='lat' dir='ltr'>ad</span> <span class='ocrx_word' id='word_1_218' title='bbox 1091 3446 1409 3530; x_wconf 87' lang='lat' dir='ltr'>meliora</span> <span class='ocrx_word' id='word_1_219' title='bbox 1452 3446 1751 3551; x_wconf 88' lang='lat' dir='ltr'>posfint.</span> <span class='ocrx_word' id='word_1_220' title='bbox 1853 3451 2371 3551; x_wconf 75' lang='lat' dir='ltr'>caeteroquin</span> 
     </span>
     <span class='ocr_line' id='line_1_33' title="bbox 425 3549 2371 3656; baseline -0.001 -23"><span class='ocrx_word' id='word_1_221' title='bbox 425 3572 580 3656; x_wconf 89' lang='lat' dir='ltr'>ego</span> <span class='ocrx_word' id='word_1_222' title='bbox 683 3550 1177 3653; x_wconf 86' lang='lat' dir='ltr'>Digestorum</span> <span class='ocrx_word' id='word_1_223' title='bbox 1227 3575 1469 3656; x_wconf 85' lang='lat' dir='ltr'>opus,</span> <span class='ocrx_word' id='word_1_224' title='bbox 1501 3549 1622 3628; x_wconf 90' lang='lat' dir='ltr'>vel</span> <span class='ocrx_word' id='word_1_225' title='bbox 1705 3553 1917 3631; x_wconf 79' lang='lat' dir='ltr'>otius</span> <span class='ocrx_word' id='word_1_226' title='bbox 1961 3549 2371 3633; x_wconf 62' lang='lat' dir='ltr'>auctorum</span> 
     </span>
     <span class='ocr_line' id='line_1_34' title="bbox 424 3650 2370 3759; baseline -0.004 -21"><span class='ocrx_word' id='word_1_227' title='bbox 424 3651 633 3739; x_wconf 81' lang='lat' dir='ltr'>vnde</span> <span class='ocrx_word' id='word_1_228' title='bbox 666 3674 1026 3759; x_wconf 84' lang='lat' dir='ltr'>excerpta</span> <span class='ocrx_word' id='word_1_229' title='bbox 1055 3652 1230 3737; x_wconf 86' lang='lat' dir='ltr'>sunt</span> <span class='ocrx_word' id='word_1_230' title='bbox 1255 3651 1555 3737; x_wconf 86' lang='lat' dir='ltr'>labores</span> <span class='ocrx_word' id='word_1_231' title='bbox 1587 3678 1630 3734; x_wconf 88' lang='lat' dir='ltr'>a</span> <span class='ocrx_word' id='word_1_232' title='bbox 1684 3654 2125 3756; x_wconf 81' lang='lat' dir='ltr'>miror‚nec</span> <span class='ocrx_word' id='word_1_233' title='bbox 2141 3650 2370 3755; x_wconf 48' lang='lat' dir='ltr'>quidf-</span> 
     </span>
     <span class='ocr_line' id='line_1_35' title="bbox 2136 3778 2374 3859; baseline 0.004 -25"><span class='ocrx_word' id='word_1_234' title='bbox 2136 3778 2374 3859; x_wconf 88' lang='lat' dir='ltr'>quam</span> 
     </span>
    </p>
   </div>
  </div>
 </body>
</html>
