2594 4255
760 218 1598 320 PRAEFATIO?

200 399 355 492 fert
371 467 397 509 ‚
453 427 799 519 quaeque
861 400 1151 485 discere
1203 403 1445 491 iuuet.
1624 396 1791 486 Alii
1829 397 2154 488 litterati

207 527 388 624 viri,
438 526 570 634 qui
617 523 699 604 in
730 544 876 603 vna
907 519 1217 603 scientia
1249 539 1551 600 tantum
1602 543 1931 626 magnos
1960 541 2146 625 pro-⁶

199 638 482 749 gress’us
532 635 786 722 fecere
805 696 831 737 ‚
917 640 999 718 in
1045 658 1134 717 ea
1184 632 1626 740 indigenae,
1698 639 1779 718 in
1825 633 2150 748 reliquis

193 755 539 865 hospites
555 770 607 859 ‚‘
632 777 759 835 eas
793 751 953 833 alto
1004 770 1502 832 contemnere
1543 751 1941 858 supercilio
1957 813 1985 848 ‚
2061 775 2150 837 et

192 868 504 955 ostenfis
533 868 724 951 albis
759 867 1111 950 dentibus
1143 864 1463 950 irridere
1492 862 1806 972 solent,
1831 873 2012 982 quia
2048 867 2149 953 de

189 988 428 1073 rebus
477 983 614 1069 fibi
659 987 937 1093 ignotis
985 982 1370 1084 iudicant,
1438 1002 1519 1064 et
1555 975 1829 1066 falcem
1861 990 1940 1068 in
1967 983 2193 1069 alie-.

172 1131 385 1189 rnam
435 1100 742 1185 meffem
788 1105 1241 1184 immittunt.
1416 1094 1715 1182 Contra
1748 1123 1837 1181 ea
1869 1093 2147 1185 Lme-

195 1239 556 1305 N1T1vs
647 1243 894 1328 quum
962 1214 1394 1299 litterarum
1445 1214 1722 1300 studia
1806 1217 2149 1301 vniuersa

175 1360 461 1421 ,mente
509 1330 1206 1441 comprehendisset
1225 1396 1250 1437 ‚
1340 1354 1502 1415 non
1565 1331 1815 1415 modo
1862 1331 1963 1414 de
2007 1329 2162 1418 fin-

186 1451 401 1563 gulis
469 1448 860 1533 iudicabat
928 1447 1333 1556 sapienter,
1408 1472 1527 1548 et,
1598 1448 1817 1534 nullo
1869 1473 2156 1534 eorum

186 1573 455 1680 spreto
475 1628 502 1671 ,
558 1563 899 1647 cultores
920 1562 1228 1649 amabat
1263 1566 1616 1648 certatim
1635 1626 1661 1665 ,
1711 1589 1796 1648 et
1822 1564 2151 1648 admini-
2209 1620 2222 1627 ι

186 1684 394 1769 culis
441 1680 917 1794 confiliisque
967 1677 1396 1763 adiuuabat.
1505 1676 1789 1802 Qum
1839 1706 1959 1764 ars
1996 1696 2157 1769 non

190 1799 473 1884 habeat
520 1799 832 1881 osorem
879 1794 1015 1894 nisi
1072 1799 1555 1903 ignorantem
1583 1858 1608 1899 ,
1722 1792 2157 1901 Polyhistor

187 1917 454 2003 noster
494 1932 780 2001 omnes
811 1937 897 1997 ac
926 1910 1257 2021 fingulos
1288 1906 1695 2022 prouexit,
1751 1938 1832 2000 et
1865 1912 2042 2026 plus
2065 1914 2165 2000 ad

188 2034 629 2119 litterarum
693 2030 1030 2116 contulit
1097 2033 1663 2116 incrementum
1682 2097 1710 2137 ‚
1790 2059 2025 2145 quam
2068 2025 2166 2118 ab

190 2150 375 2236 aliis
411 2153 768 2265 quamuis
831 2146 926 2233 ab
991 2146 1363 2233 omnibus
1409 2147 1704 2233 artibus
1775 2149 2172 2260 perpolitis

197 2266 648 2382 exspec‘lare
686 2266 944 2377 poffis,
1014 2290 1422 2375 propterea
1457 2264 1670 2374 quod
1701 2264 1876 2349 illos
1923 2269 2165 2375 gratia

199 2407 364 2470 tam
423 2384 808 2490 fingulari'
831 2382 1385 2492 IrnperatoreS‚
1468 2380 1717 2489 Reges
1751 2405 1833 2465 et
1863 2379 2160 2468 Princie

192 2527 329 2610 pes
380 2502 586 2585 haud
629 2501 1216 2613 prosequuntur.
1394 2492 1564 2622 Qi
1589 2498 1689 2580 de
1722 2522 1887 2581 arte
1917 2498 2161 2582 recess

191 2618 316 2701 sus
347 2622 799 2703 animorum
827 2621 1382 2729 varietatesque
1427 2613 1857 2699 studiorum
1886 2614 2160 2722 digno-

194 2733 459 2818 scendi
501 2732 912 2818 ediss‘erunt
968 2731 1326 2818 austeres
1347 2792 1378 2832 ,
1443 2755 1605 2815 non
1653 2728 1808 2816 fine
1862 2736 2165 2820 ratione
2223 2825 2239 2836 ,

195 2848 573 2958 fatentur,
630 2874 927 2961 praeter
963 2874 1254 2935 ceteras
1287 2844 1664 2955 Epistolas
1707 2844 2163 2931 ad'familia-

201 2987 323 3051 res
415 2964 934 3052 charadierem
974 2990 1089 3051 aet
1173 2962 1524 3050 indolem
1595 2964 1981 3073 scriptoris
2046 2964 2163 3049 fiii

201 3087 567 3169 'omnium
599 3080 1070 3171 exaffissime
1090 3080 1395 3168 referre.
1512 3076 1661 3166 LE
1684 3105 1716 3164 1
1737 3105 1786 3162 B
1810 3103 1878 3164 N
1904 3099 1936 3164 1
1957 3105 2028 3164 Τ
2064 3101 2161 3167 11

197 3223 411 3286 certe
461 3206 887 3309 ingenium*
913 3199 1449 3301 vastiffimum,
1522 3221 1602 3281 et
1649 3195 2160 3308 multiplicem

194 3323 644 3428 variamque
686 3306 1209 3402 eruditionem
1267 3315 1719 3422 multiiuges
1798 3317 2158 3426 epistolae
2233 3359 2242 3366 ·

196 3433 541 3540 produnt
588 3433 1000 3521 luculente.
1116 3431 1369 3556 Qod
1405 3455 1510 3516 νε
1572 3431 2161 3544 quodammodo

198 3549 581 3637 declarem
600 3615 625 3658 ,
683 3549 783 3634 de
807 3550 1123 3653 litteris,
1180 3575 1370 3663 quas
1399 3550 1643 3633 modo
1684 3548 1974 3656 publici·
2031 3552 2155 3632 iu·

202 3666 312 3753 ris
332 3663 605 3779 ‚facim
654 3658 1111 3757 summatim
1126 3691 1239 3751 ea
1253 3668 1783 3777 praemit-tam,
1836 3687 2032 3777 quae
2066 3661 2167 3749 ad
2259 3739 2271 3750 ,

1891 3801 2018 3861 831⁸
2021 3805 2158 3867 um
2279 3809 2283 3814 ’
