2594 4255
407 195 569 253 200
671 173 761 249 G.
811 175 901 249 G.
953 171 1570 253 LEIBNITII
1622 173 1774 253 ΕΡ.
1828 164 2134 253 CXXX.

421 321 567 407 esse
603 347 971 431 perennes
993 385 1017 423 ,
1049 323 1179 403 sed
1195 329 1424 403 etiam
1444 327 1660 405 omni
1680 323 2170 405 Entelechiae
2192 329 2382 435 pri-

421 429 739 507 mitiuae
757 489 779 525 ,
835 423 965 504 seu
1009 427 1225 517 omni
1273 429 1676 533 principio·
1714 429 1922 509 vitali
1972 455 2380 533 perpetuo

423 527 541 609 adi
553 525 855 607 undlam
907 527 1049 607 effe
1097 531 1472 629 quandam
1520 553 1820 609 naturae
1866 531 2310 611 machinam
2340 593 2372 631 ,

415 657 619 731 ,quae
641 629 863 709 nobis
883 633 1224 735 corporis
1247 633 1586 735 organici
1604 637 1922 711 nomine
1940 635 2174 733 venit,
2192 637 2374 737 (††)

421 733 605 822 licet
623 755 705 811 ea
723 729 1069 811 machina
1087 735 1314 813 etiam
1336 759 1566 838 quum
1588 735 1906 835 figuram
1928 735 2134 817 suam
2148 737 2372 815 sum·-

343 861 363 881 ·
425 837 693 913 matini
725 831 1119 915 conseruat
1139 897 1161 935 ‚
1195 839 1273 913 in
1306 835 1523 915 fluxu
1544 833 1878 917 confistat
1898 861 2366 943 ‚perpetuo-

425 962 577 1037 que
609 961 995 1039 reparetur
1019 999 1041 1035 ‚
1077 961 1155 1015 vt
1189 943 1404 1017 nauis
1440 937 1750 1019 Thesei.
1852 941 2118 1043 Neque
2154 941 2362 1021 adeo

429 1039 617 1124 certi
647 1037 873 1121 fimus
905 1037 1025 1119 vel
1059 1043 1460 1121 minimam
1492 1045 1850 1123 materiae
1882 1043 1964 1123 in
1998 1043 2360 1123 natiuita-

425 1161 505 1219 te
537 1165 577 1219 a
608 1141 833 1222 nobis
865 1165 1213 1247 acceptae
1243 1143 1684 1245 particulam
1719 1147 1800 1223 in
1846 1167 1980 1223 cor
2036 1169 2172 1223 ore
2204 1163 2364 1223 no·-

427 1241 579 1323 stro
613 1241 695 1319 su
753 1241 1017 1325 ereffe:
1083 1245 1263 1323 licet
1281 1249 1510 1323 etiam
1532 1245 1794 1325 eadem
1812 1271 1974 1323 mac
2036 1249 2158 1325 ina
2176 1241 2368 1329 sub-

427 1345 609 1423 inde
639 1269 859 1449 piane
889 1343 1472 1428 transformetur
1532 1373 1930 1453 augeatur,
1964 1345 2360 1427 diminua-

429 1469 555 1527 tur
589 1507 613 1547 ,
665 1445 1101 1529 inuoluatur
1147 1469 1277 1529 'aut
1327 1411 1746 1550 euoluatur.
1874 1455 2123 1550 Itaque
2180 1473 2354 1527 non

427 1571 729 1629 tantum
753 1553 999 1631 anima
1031 1551 1135 1629 est
1163 1555 1562 1657 perennis,
1596 1551 1725 1631 sed
1756 1555 1986 1633 etiam
2040 1549 2358 1651 aliquod

429 1650 713 1731 animal
753 1649 1049 1757 semper
1104 1653 1436 1761 superest
1462 1713 1482 1741 ‚
1528 1653 1658 1735 etfi
1700 1678 1992 1735 certum
2040 1649 2356 1755 aliquod

431 1753 707 1833 animal
741 1781 1077 1859 perenne
1111 1755 1267 1835 dici
1302 1783 1458 1839 non
1496 1755 1804 1857 debeat,
1834 1761 2020 1857 quia*
2050 1757 2364 1863 species

437 1857 783 1959 animalis
803 1883 959 1935 non
981 1879 1235 1937 manet
1265 1887 1287 1951 3
1342 1859 1990 1961 quemadmodum
2024 1883 2252 1937 eruca
2284 1879 2366 1935 et

429 1957 717 2063 papilio
751 1957 955 2039 idem
987 1959 1259 2039 animal
1295 1987 1452 2041 non
1486 1961 1628 2057 est,
1648 1959 1776 2041 etfi
1808 1961 2074 2039 eadem
2092 1959 2360 2039 [itani-

431 2065 673 2144 main
707 2083 1049 2164 vtroque.
1157 2061 1406 2144 Habet
1440 2065 1670 2168 igitur
1722 2061 1872 2142 hoc
1923 2065 2176 2142 omnis
2228 2085 2360 2138 na-

433 2184 647 2244 turae
687 2162 1031 2246 machina
1053 2226 1075 2260 ,
1113 2188 1191 2244 vt
1225 2188 1610 2266 nunquam
1638 2162 1724 2244 fit
1780 2162 1998 2270 plane
2036 2162 2358 2258 destrui-

431 2262 609 2344 bilis
629 2326 651 2360 ‚
683 2292 863 2344 cum
899 2266 1131 2346 craffo
1165 2288 1616 2372 tegumento
1646 2290 2032 2366 vtcunque
2064 2264 2360 2370 dissipa-

433 2388 557 2452 to,
587 2366 881 2474 semper
939 2368 1364 2452 machinula
1417 2368 1768 2450 nondum
1812 2366 2360 2452 destruetasub-

433 2466 563 2564 fit,
595 2470 819 2552 instar
851 2472 1171 2550 vestium
1207 2472 1604 2574 Arlequini
1658 2474 1987 2570 comici,
2024 2472 2150 2552 cui
2200 2470 2354 2572 post

433 2572 709 2662 multas
743 2576 1033 2654 tunicas
1071 2598 1338 2662 exutas
1360 2636 1380 2676 ,
1419 2576 1714 2674 semper
1746 2572 1986 2654 adhuc
2016 2596 2212 2652 noua
2244 2570 2352 2648 su·-

431 2698 751 2782 pererat.
911 2674 1145 2858 (ffitod
1199 2702 1297 2754 eo
1350 2680 1606 2756 minus
1654 2678 1912 2756 mirari
1956 2672 2356 2770 debemus,

495 2780 615 2856 uia
649 2798 905 2856 natura
939 2806 983 2856 v
1041 2782 1217 2878 ique
1249 2782 1602 2882 organica
1637 2778 1740 2856 est
1816 2800 1890 2856 et
1920 2804 1958 2856 a
1980 2774 2354 2881 sapientis-'-

435 2804 629 2964 iimo
661 2892 973 2978 autore,
1005 2880 1097 2958 ad
1137 2902 1388 2960 certos
1421 2882 1612 2960 fines
1632 2840 1998 2962 ordinata,
2018 2876 2354 2977 nihilque

437 2986 521 3062 in
565 3004 827 3062 natura
873 2980 1249 3062 incultum
1312 2982 1600 3064 censeri
1650 2982 1924 3100 debetg
1956 2978 2088 3060 etfi
2136 2982 2356 3058 inter-

439 3084 629 3172 §lum
661 3108 817 3162 non
853 3080 985 3162 nifi
1021 3082 1227 3164 rudis
1279 3084 1502 3168 maffa
1554 3086 1828 3164 nostris
1870 3080 2196 3164 lenfibus
2240 3106 2358 3182 ap-

437 3210 713 3292 pareat.
815 3189 915 3266 Ita
951 3188 1187 3288 igitur
1219 3192 1524 3268 eximus
1558 3211 1830 3266 omnes
1864 3186 2356 3280 difficultateS‚

421 3314 633 3388 uquae
665 3314 763 3368 ex
803 3310 1057 3368 natura
1093 3290 1390 3370 animae
1416 3284 1722 3394 prorsus
1754 3288 1848 3368 ab
1880 3290 2100 3368 omni
2136 3306 2354 3362 mate-

439 3392 551 3470 ria
583 3388 951 3494 separatae
985 3390 1432 3490 nascuntur,
1476 3392 1670 3490 (†††)
1726 3394 1826 3470 ita
1874 3414 1956 3472 vt
2000 3410 2254 3468 reuera
2286 3410 2352 3464 a·-

439 3490 649 3586 snima
681 3494 1063 3580 animalue
1083 3518 1255 3572 ante
1275 3496 1898 3576 natiuitatemaut
1945 3486 2114 3592 post
2166 3512 2354 3566 mor-

437 3616 599 3678 tem
629 3592 721 3678 ab
787 3602 1037 3680 anima
1085 3618 1215 3680 aut
1263 3592 1570 3678 animali
1624 3598 1856 3680 vitam
1902 3586 2354 3706 praesentem

841 3721 854 3728 ’
1231 3752 1233 3756 ·
2110 3712 2352 3770 vluc'ss-
