2594 4255
467 272 617 355 574
720 250 1611 338 G.G..LE113N1T11
1662 255 1820 339 ΕΡ.
1874 227 2197 342 cnon.¹

468 430 743 513 aquam
770 399 1199 484 fumantem
1232 402 1598 509 habebat,
1628 433 1819 513 pyro
1875 412 1903 489 i
1932 412 2142 498 illius
2189 443 2409 500 com*

465 508 928 622 politionem
957 505 1370 609 ignorabat.
1460 512 1688 630 ‚Qid
1725 517 1834 592 Ti
1892 516 1920 594 i
1951 518 2221 602 lesuita
2274 521 2409 605 illo

468 611 1163 695 communicauerit
1195 670 1219 708 ,
1251 609 1545 692 -nescio
1585 643 1602 688 :
1664 613 1858 696 illud
1903 631 2206 704 certum
2252 624 2406 726 est,

463 719 731 819 ignem
759 711 980 791 illum
1012 711 1526 814 artificialem,
1561 738 1680 816 et,
1715 740 1798 796 vt
1830 720 2213 810 ita'dicam
2258 722 2435 805 fri-..

463 817 741 924 gidum
767 840 867 892 ex
913 815 1124 894 vrina
1159 812 1356 894 elici.
1459 820 1663 921 Ignis
1694 819 1850 921 ille,
1869 849 2100 925 quem
2118 824 2401 910 deseris,

463 917 578 1027 pfi
620 923 701 998 in
751 919 1127 1017 carmine,
1158 942 1323 995 non
1355 916 1546 1002 alius
1576 921 1682 1000 est
1716 983 1740 1020 ‚
1787 921 1842 1006 fi
1888 930 2008 1008 ori
2062 932 2270 1016 inem
2319 952 2403 1017 et

459 1024 580 1105 rei
626 1016 1332 1122 summam-species
1360 1077 1387 1117 ‚
1433 1027 1789 1120 quamuis
1893 954 2259 1116 ενῗὲἑὶίοι·7
2284 1038 2402 1116 vi*-

392 1152 396 1160 ·
459 1128 729 1218 deatul'
755 1119 1217 1223 vulgarizet
1250 1144 1444 1220 quae
1492 1120 1589 1224 de
1639 1146 1737 1201 eo
1779 1149 1818 1202 a
1883 1156 2020 1212 ero
2051 1195 2075 1234 ‚
2122 1162 2400 1229 eorum

455 1228 822 1309 omnium
855 1221 1014 1327 ipse
1044 1218 1268 1302 sumfi
1285 1226 1925 1329 experimentum.
2030 1231 2242 1320 Porti
2258 1237 2398 1324 fri..

457 1330 720 1411 ‹stione
757 1350 810 1406 o
867 1348 957 1403 us
985 1321 1394 1425 multoque
1426 1347 1687 1411 motu,
1734 1351 1817 1408 vt
1864 1330 2126 1433 ignem
2171 1336 2399 1421 exhi-

454 1432 672 1530 beat,
706 1426 786 1505 ni
816 1455 845 1506 1
872 1423 1179 1531 pulueri
1210 1429 1872 1531 pyriomisceatur.
1973 1436 2398 1526 Sedlucem

455 1527 915 1639 corporibus
944 1525 1328 1607 leniffirno
1361 1526 1661 1610 affriffiu
1701 1538 2232 1619 communicat.
2251 1546 2394 1644 Py-

449 1659 743 1742 ropum
777 1628 1397 1739 appellaresoleo.
1500 1634 1622 1712 Est
1643 1635 2392 1748 enimlapillusigni..

450 1763 581 1820 tus
602 1800 629 1840 ,
658 1760 935 1839 quem,
965 1754 1047 1813 vt
1080 1732 1273 1835 dixi,
1292 1737 1372 1812 in
1390 1735 1728 1816 tenebris
1749 1737 2062 1821 trastare
2093 1747 2391 1847 timeas,

451 1842 748 1943 succini
779 1836 1004 1916 instar
1033 1834 1462 1943 transparet.
1565 1844 1751 1922 Non
1783 1839 1991 1923 benef
2015 1846 2394 1952 intelligo,

452 1943 587 2022 vbi
619 1941 732 2021 cl.
766 1944 1191 2022 WEDEuvs
1224 1947 1499 2041 'aquam
1516 1940 1946 2025 fumantem
1981 1947 2392 2055 descripse-

448 2050 590 2130 rit:
651 2042 930 2125 vellem
964 2039 1215 2145 noste,
1242 2067 1403 2144 quo
1430 2044 1512 2122 in
1529 2049 1800 2127 Tomo
1813 2048 1932 2127 vel
1953 2074 2182 2153 anno,
2208 2078 2401 2165 qua-

450 2170 553 2230 ue
570 2147 835 2255 pagina
853 2152 879 2219 Ρ
901 2143 1270 2225 Libenter
1279 2146 1498 2226 ‘enim
1514 2149 1967 2254 inspicerem
1987 2151 2274 2235 locum.

455 2269 466 2277 ·
521 2252 677 2335 2111ss
730 2247 1014 2327 Nescio
1043 2272 1138 2327 an
1172 2247 1559 2339 audiueris
1580 2312 1604 2353 ‚
1630 2252 1818 2349 quid
1858 2252 2059 2334 mihi
2089 2282 2188 2335 ex
2207 2260 2390 2340 Gal-

419 2353 549 2435 r‘iia
579 2348 971 2442 scribitur,
1005 2371 1383 2457 repertam
1414 2350 1561 2432 effe
1590 2357 2389 2458 rationememollien-

447 2455 533 2536 di
557 2452 753 2555 offa,
785 2456 1081 2559 integra
1112 2478 1337 2555 carne
1373 2453 1731 2558 saluoque
1782 2458 2045 2566 sapore
2076 2523 2100 2561 ‚
2154 2465 2256 2543 ita
2303 2485 2387 2545 vt
2440 2557 2447 2560 ⁴

445 2556 745 2660 au'icula
778 2556 1023 2658 aliqua
1054 2582 1192 2659 per
1223 2556 1576 2639 medium
1607 2560 1884 2662 secari,
1922 2586 2000 2642 et
2037 2589 2179 2643 vna
2199 2591 2384 2648 cum
2434 2652 2437 2657 ,

446 2659 737 2743 ‘offibus
772 2657 1083 2738 comedi
1112 2657 1359 2764 poffit.
1458 2666 1578 2740 Vn
1609 2660 1705 2740 de
1773 2689 1939 2745 mes
2000 2668 2190 2747 amis
2250 2693 2403 2767 me*

444 2760 725 2845 inande
749 2822 772 2859 ‚
808 2759 1116 2840 d’auoir
1148 2760 1421 2864 mange
1453 2789 1550 2842 vn
1571 2762 1743 2870 pate'
1759 2764 1856 2846 de
1886 2769 2385 2872 pigeonnaux

439 2861 797 2976 prepares
832 2860 928 2940 de
962 2859 1027 2940 la
1064 2857 1289 2943 sorte.
1327 2865 1516 2963 (***)
2028 2930 2040 2939 ,
2136 2943 2142 2959 a

450 3066 456 3071 .
542 2971 665 3050 IV.
719 2967 967 3047 Miror
1005 2967 1087 3043 in
1116 2964 1500 3048 academia
1529 2967 1760 3049 vestra
1791 2967 2130 3053 Medicis
2160 2999 2381 3081 prae-

440 3073 832 3181 paratione
871 3067 1627 3152 Medicamentorum
1654 3071 2013 3152 interdici
2044 3137 2068 3176 ‚
2116 3101 2196 3157 et
2241 3080 2380 3159 sta·-
2418 3142 2419 3145 a

439 3197 605 3254 tuta
646 3169 1022 3255 facultatis
1052 3172 1397 3254 medicae
1423 3176 1686 3279 potius
1727 3183 2109 3258 extraneis
2150 3180 2379 3293 phar-

439 3275 867 3380 macopolis
917 3299 1143 3377 quam
1192 3272 1364 3395 ipfis
1407 3275 1742 3355 Medicis
1768 3337 1794 3371 ‚
1843 3281 1979 3383 qui
2021 3277 2379 3386 profesto

439 3388 623 3457 vere
665 3376 1260 3482 'pharmacopoet
1313 3378 1459 3459 effe
1508 3376 1790 3477 debent
1819 3440 1843 3480 ‚
1904 3379 2199 3463 fauere‘
2286 3389 2378 3466 ln

435 3477 848 3562 Academia
881 3476 1238 3584 Lipfienfi
1266 3479 1461 3560 olim
1492 3479 1662 3561 lites
1697 3504 1911 3563 erant
1962 3489 2103 3566 M1
2122 3513 2378 3565 c‘HAE-
2490 3548 2495 3553 ,

339 3662 344 3663 f
435 3610 483 3679 L
504 3609 534 3663 1
553 3594 800 3663 ocum
827 3580 1462 3698 pharmacopoeis
1491 3584 1797 3666 vrbieis.
1846 3585 1991 3670 Sed
2009 3591 2380 3668 MICHAE-

436 3713 484 3767 L
501 3712 531 3766 1
551 3713 596 3767 v
618 3711 654 3768 s
681 3681 933 3768 nihilo
948 3680 1195 3766 secius
1210 3687 1293 3765 in
1307 3687 1823 3796 praeparando
1832 3693 2193 3792 perrexit.

2112 3794 2204 3871 V.
2235 3794 2381 3892 *De

1153 3898 1206 3984 ‘⁴
1324 3918 1327 3923 ,

1695 4056 1737 4102 0
