2594 4255
1015 200 1858 298 PRAEFATIO:

468 379 654 474 'rum
683 375 1205 495 quorumdam
1233 377 1549 461 suorum
1594 375 2112 464 elaboratione
2168 382 2414 491 impe-

474 503 723 603 dituS,
825 494 986 603 ipse
1038 490 1179 578 fibi
1230 494 1534 580 sumere
1585 520 1744 578 non
1792 503 2052 607 potuit
2098 498 2414 582 editoris

470 640 743 728 partes.
856 608 1146 697 Iecirco
1207 610 1542 697 alienum
1591 615 1902 724 ingenio
1949 609 2100 704 LE
2125 639 2155 697 1
2176 639 2223 696 Β
2252 636 2316 697 Ν
2339 639 2413 698 1-

478 754 680 816 ΤῙΑ
707 749 850 812 No
921 752 1382 836 conceptum
1426 755 1729 838 partum
1776 731 1971 816 mihi
2022 731 2411 816 edendum

473 848 730 949 dedit,
796 840 1293 956 Lipfiamque
1353 845 1799 949 transmifit,
1884 872 1969 932 vt
2016 849 2098 929 in
2141 846 2412 932 eadem

471 991 625 1078 qua
655 988 919 1074 parens
967 967 1135 1043 eius
1184 958 1761 1042 Lmnmwlvs
1812 967 2049 1073 patria
2088 965 2410 1072 adspice.

470 1106 591 1166 ret
622 1080 895 1164 lucem.
1011 1072 1357 1158 simulac
1402 1075 1697 1160 chartas
1713 1102 1905 1161 auro
1950 1106 2208 1165 contra
2248 1107 2412 1164 non

468 1224 680 1283 caras
712 1195 1013 1300 accepi,
1081 1192 1331 1274 statim
1378 1196 1459 1275 in
1491 1219 1577 1276 ea
1608 1219 1834 1280 curae
1865 1199 2410 1304 cogitationes-

412 1340 418 1349 ·
469 1342 627 1428 que
661 1336 877 1394 meae
910 1307 1406 1418 euigilarunt,
1484 1310 1774 1394 illarum
1805 1310 2411 1422 publicationem

470 1453 561 1514 vt
601 1425 1127 1513 accelerarem.
1232 1532 1241 1542 ⁵
1302 1423 1507 1537 Non
1540 1453 1797 1515 autem
1829 1455 2146 1537 omnes,
2177 1452 2410 1538 quot-

468 1567 674 1662 quot
689 1542 1036 1652 poffideo
1052 1544 1338 1632 litteras
1357 1539 1440 1629 L
1460 1566 1512 1626 E
1538 1569 1570 1628 1
1590 1569 1639 1628 Β
1665 1569 1732 1628 Ν
1757 1568 1790 1627 1
1814 1569 1882 1630 Τ
1907 1569 1939 1630 1
1964 1570 2028 1631 A
2050 1567 2118 1628 Ν
2140 1574 2197 1630 A
2226 1570 2297 1647 S,
2314 1548 2410 1628 ti-

458 1658 559 1746 'bi
607 1688 754 1746 vna
785 1661 1074 1763 offer0‚
1141 1657 1441 1745 Lestor
1473 1659 1867 1746 beneuole.
1908 1697 1911 1702 ·
1982 1659 2232 1748 Primi
2264 1687 2409 1744 vo-

471 1782 786 1866 luminis
819 1783 1123 1884 copiam
1154 1803 1453 1862 tantum
1488 1780 1632 1860 tibi
1655 1805 1858 1860 nunc
1889 1771 2134 1883 facio,
2195 1777 2414 1889 quod

468 1890 1210 1999 exhibet-Epistolas
1257 1895 1358 1974 de
1418 1894 1728 1990 diuerfis
1779 1896 2117 1977 materiis
2166 1895 2412 2002 iisque
2445 1924 2480 1936 ··

462 2008 794 2095 vtilitate
837 2009 1068 2090 suase
1099 2006 1319 2089 facile
1348 2010 1804 2118 probaturis.
1832 2007 2446 2115 Huiuscemodi.

462 2132 788 2215 varietas
819 2150 1451 2230 argumentorum
1482 2155 1641 2211 non
1670 2150 1975 2237 poterat
2009 2122 2243 2211 alium
2276 2149 2413 2205 au-

464 2242 773 2328 storem
792 2240 1069 2325 habere
1091 2303 1116 2343 ‚
1136 2267 1371 2354 quam
1403 2240 1482 2332 L
1500 2269 1553 2327 P.
1580 2269 1610 2327 1
1634 2267 1681 2325 Β
1706 2266 1774 2326 Ν
1795 2267 1827 2326 1
1851 2266 1919 2325 Τ
1945 2265 1978 2324 1
2001 2267 2032 2326 1
2066 2237 2410 2325 similem.

460 2358 786 2448 Etenim
819 2362 1258 2466 praecipua,
1278 2388 1426 2474 qua
1455 2357 1532 2445 L
1555 2384 1607 2444 Ε
1631 2385 1663 2444 1
1690 2383 1739 2443 Β
1770 2382 1834 2443 Ν
1856 2391 1886 2445 1
1907 2383 1978 2442 Τ
2000 2385 2032 2444 1
2055 2383 2116 2443 v
2140 2382 2181 2442 s
2236 2385 2412 2443 eru-
2467 2411 2476 2418 -
2583 2361 2589 2450 ζ

339 2547 342 2552 .
456 2479 652 2562 ditis
672 2482 958 2562 ‘ceteris
987 2479 1346 2584 praestat,
1418 2480 1559 2563 dos
1594 2505 1680 2562 ae
1715 2479 2241 2587 praerogatiua
2276 2504 2412 2561 ex-

450 2622 586 2681 ·tra
677 2593 1276 2678 controuerfiam
1357 2589 1506 2701 est,
1633 2596 1848 2709 quod
1918 2593 2414 2701 Polyhistoris

338 2743 353 2764 κ
458 2711 705 2797 huius
725 2716 807 2792 in
823 2735 1272 2823 vnaquaque
1305 2714 2062 2822 peritiffuniscientia
2080 2734 2236 2812 tam
2267 2709 2420 2792 late
2533 2807 2541 2818 ⁶

458 2832 839 2941 patuerit,
895 2850 979 2909 vt
1010 2824 1176 2935 ipfis
1208 2828 1522 2910 eruditis
1566 2826 1653 2913 fit
1690 2829 2193 2912 admirationi.
2219 2879 2222 2884 ·
2307 2822 2413 2906 Iis

460 2943 887 3030 rarioribus
913 2941 1165 3027 dod'tis
1182 2944 1789 3032 annumerandus
1805 2944 1911 3026 est
1944 2938 2021 3026 L
2041 2964 2095 3023 Ε
2121 2965 2154 3024 1
2177 2963 2226 3023 Β
2253 2963 2320 3023 Ν
2340 2964 2412 3024 1-

447 3085 543 3144 ³1·
568 3086 600 3145 1
626 3085 684 3145 v
703 3086 749 3144 s
768 3124 793 3165 ,
818 3064 954 3173 qui
984 3064 1244 3162 etiam,
1261 3088 1507 3171 quum
1521 3060 2016 3158 aiucinantur‚
2034 3056 2415 3142 excellen-

460 3177 790 3261 tissimae
823 3177 997 3262 suae
1030 3173 1423 3260 dodirinae
1455 3178 1636 3260 dant
1664 3177 2267 3275 documentum,
2324 3193 2414 3254 vt

444 3292 566 3377 ‘de
587 3287 737 3375 LE
762 3315 795 3374 1
819 3316 873 3373 Β
896 3319 964 3377 Ν
989 3321 1019 3377 1
1036 3317 1108 3375 ‘r
1130 3317 1163 3375 1
1188 3318 1240 3377 ο
1277 3296 1562 3376 merito
1578 3290 1764 3375 illud
1783 3286 2414 3402 vsurparepoffis,

464 3410 688 3523 quod
740 3403 839 3493 de
913 3408 1317 3494 Iosssruo
1368 3405 1923 3496 Scamonno
2029 3406 2440 3512 comparis

456 3529 729 3612 aetatis
776 3527 923 3607 viri
964 3515 1256 3630 eruditi
1308 3525 1813 3611 affirmarunt:
1870 3520 2129 3609 Etiam
2163 3547 2416 3634 quum

450 3666 667 3731 errat
700 3640 950 3734 docet.
1069 3635 1336 3730 Etiam
1352 3668 1625 3763 ,quum
1654 3642 1939 3732 fallitur
1973 3637 2184 3722 vtilia
2217 3664 2416 3837 1pro-

558 3817 565 3824 .
1485 3823 1492 3828 .
2251 3775 2414 3856 ert,
