2594 4255
610 214 1745 320 AD10.FAB.R101VM..
2063 244 2121 330 9

65 480 71 483 ἢ
192 378 534 464 Gallico,
586 378 712 458 sed
756 376 1056 458 fortasse
1086 376 1471 458 Detsc'hen
1503 380 1615 458 nil
1649 378 1855 458 aliud
1889 402 2121 480 quam

210 480 894 584 Deutschen‚.qui'd
918 504 1102 560 vero
1118 482 1457 562 Mueser?
1515 484 1711 560 Nam
1739 482 2121 562 Gallicum
2217 562 2228 572 ,

206 578 584 686 Monfieur
616 582 1042 687 longiffime
1070 580 1553 683 relegandum
1579 606 1789 688 puto·
1949 582 1983 624 ⁶

301 692 422 764 IV.
442 692 712 802 Qum
736 686 946 762 idem
964 688 1044 762 T
1064 710 1112 758 o
1132 708 1172 758 1>
1193 710 1231 758 P
1249 710 1285 758 ε
1309 708 1407 760 LT
1425 710 1453 764 1
1477 712 1525 760 N
1543 712 1639 764 vs
1655 686 2123 766 dicatzGer-tc

200 792 576 868 manicam
606 788 942 886 linguam
958 784 1154 864 male
1174 784 1673 886 ‘intelligimus
1691 846 1713 886 ‚
1745 790 2119 896 intelligiss‘

173 986 177 992 Ι
200 894 430 972 etiam
446 890 580 968 abi
640 886 726 968 fis
744 892 874 986 vix
890 888 1062 992 poff
1056 912 1180 966 um
1195 912 1311 986 υς,
1333 900 1379 936 “
1399 886 1787 986 addatque,
1817 892 1893 972 se
1921 892 2117 972 mul-

196 1016 270 1072 ta
308 990 606 1072 vocabu
638 1014 678 1068 a
712 988 1026 1090 Gallica,
1066 988 1341 1089 Italica,
1389 986 1823 1092 Hispanica,
1855 996 2114 1100 Angli..

169 1102 286 1174 ‘ca
306 1156 330 1194 ,
362 1098 696 1172 Turcica
724 1116 800 1172 et
834 1098 1261 1176 Tartarica,
1297 1096 1379 1170 in
1421 1092 1747 1170 suorum·
1775 1090 2115 1176 [ermone

186 1194 520 1276 notasse:
566 1194 986 1300 optandum
1016 1196 1257 1294 foret,
1281 1190 1929 1274 Diciionariolum
1945 1196 2121 1274 Ger-

194 1302 536 1380 manicae
586 1298 1285 1400 Transyluanorum
1319 1294 1796 1376 Plebeiorum
1823 1296 2125 1400 liuguae

196 1402 500 1500 haberi3
530 1426 952 1506 precesque
994 1424 1122 1478 aut
1164 1400 1307 1478 alia
1343 1400 1751 1502 specimina
1785 1398 2127 1518 adiungi,

82 1564 85 1565 f
192 1511 358 1584 non
394 1502 486 1582 ad
520 1502 862 1582 nostrum
888 1498 1321 1588 sermonem
1337 1503 1945 1604 accommodata,
1995 1504 2125 1584 led

248 1630 556 1686 enuma.
1477 1650 1479 1654 -

102 1703 116 1719 '
190 1634 242 1711 g
300 1712 392 1784 V.
448 1710 664 1786 Haec
686 1704 858 1784 sunt
880 1706 1899 1806 ‚VirMaximeReuerende‚
1931 1732 2127 1808 quae

192 1810 426 1916 super
456 1808 614 1888 hoc
658 1832 1108 1910 argumento
1140 1806 1233 1886 ad
1277 1812 1401 1886 Te
1437 1800 1961 1912 perscribenda
1988 1827 2129 1916 'pu-
2210 1831 2234 1839 ”

190 1916 358 1992 taui
384 1972 408 2012 ‚
472 1908 822 2010 Tibique
868 1910 1383 1990 arbitrandum
1441 1908 1831 2014 relianO‚
1893 1938 1985 1992 an
2033 1912 2125 1998 ad

192 2014 598 2121 egregium
648 2012 1177 2095 dissertationis
1231 2012 1663 2113 auidiorem,
1723 2018 1997 2095 Virum
2043 2041 2127 2095 vt

194 2139 540 2225 apparet,
582 2141 740 2195 non
788 2119 1046 2197 minus
1098 2115 1447 2195 decirina
1493 2143 1719 2217 quam
1763 2117 2127 2223 dignitate

192 2219 690 2327 praestantem
710 2265 734 2319 ,
766 2217 1166 2299 defiderata
1201 2243 1367 2299 mea
1387 2225 1785 2325 peruenire
1805 2223 2125 2323 dignum

194 2343 330 2403 aut
356 2321 856 2403 commodum
874 2345 1116 2427 putes.
1219 2327 1511 2401 Interea
1525 2327 1791 2427 gratias
1807 2351 1951 2429 ago
1981 2347 2125 2429 pro
2193 2417 2199 2423 ,

200 2441 522 2503 munere
556 2437 874 2523 Vtroque
926 2445 1004 2501 et
1040 2425 1150 2501 tui
1182 2445 1261 2499 et
1291 2421 1517 2501 alieni
1547 2429 1801 2527 operis
1851 2429 2127 2505 decen-

198 2549 364 2625 τες,
426 2549 504 2603 et
560 2521 848 2605 referre
894 2523 1100 2629 pofl'e
1146 2523 1407 2603 velim.
1519 2525 1721 2605 Vale.
1837 2527 2131 2607 Dabam

192 2633 706 2709 Hannouerae
736 2651 840 2729 14.
876 2633 1072 2731 Sept.
1106 2627 1193 2705 16
1255 2651 1327 2729 7.

284 2735 382 2811 vP.
410 2735 484 2809 S.
538 2733 808 2845 Qum
860 2735 940 2809 in
986 2731 1188 2835 priui
1221 2733 1397 2833 egio
1429 2735 1657 2839 Regis
1691 2739 1823 2813 AN
1845 2757 2127 2811 D'REAE

198 2835 506 2913 mentio
546 2833 676 2913 fiat
716 2831 1178 2913 Blachorum
1225 2855 1303 2909 et
1344 2833 1855 2935 Biffenorum,
1915 2857 1993 2913 et
2037 2835 2135 2913 de

202 2931 502 3013 Blachis
518 2933 706 3035 quid
726 2931 866 3015 fint
882 2959 1028 3015 con
1036 2935 1197 3035 stet,
1223 2939 1633 3039 quaeritur,
1651 2943 1875 3021 cuius
1893 2941 2135 3015 natio-

153 3038 159 3047 '
202 3037 328 3115 nis
374 3033 512 3117 fint
556 3035 876 3137 Biffeni,
960 3063 1297 3139 quorum
1349 3039 1549 3137 sylua
1593 3067 1637 3121 a
1681 3046 1887 3145 Rege
1923 3045 2133 3121 Teu-

200 3141 488 3217 tonicis
508 3137 902 3221 confertur
922 3139 950 3221 ?
1671 3173 1673 3177 ·

204 3249 330 3341 (¹3)
372 3265 634 3327 Forfitan
666 3265 894 3349 Meefir
940 3287 1062 3329 non
1106 3267 1221 3331 fuit
1239 3265 1483 3333 ‘nomen
1525 3271 1713 3347 gentis
1743 3271 2141 3343 Germanicae,

280 3349 382 3411 sed
432 3351 870 3433 opprobrium,
916 3373 1036 3435 quo
1074 3353 1497 3427 Transsyluani
1537 3351 1789 3415 aliorum
1815 3361 2139 3419 Germano-

285 3453 423 3497 rum
452 3435 670 3497 famam
696 3435 924 3497 deflare
950 3439 1307 3505 studuerunt.
1394 3439 1621 3521 Muefir
1649 3443 1711 3501 in
1739 3439 1931 3517 lingua
1965 3447 2139 3504 Saxo-

286 3521 425 3583 niae
446 3519 758 3583 inferioris
784 3525 1110 3608 etiamnunc
1140 3521 1333 3585 furem
1365 3525 1599 3585 denotat
1627 3539 1797 3609 atque
1829 3525 2141 3593 latronem.

288 3609 458 3681 Quae
492 3607 726 3689 quidem
750 3603 946 3683 lingua
975 3629 1154 3691 quum
1182 3611 1363 3671 multa
1391 3613 1624 3693 antiqua
1655 3611 1939 3673 vocabula
1969 3613 2141 3673 nobis

286 3689 646 3765 seruauerit,
688 3689 990 3777 probabile
1030 3695 1233 3777 vtique
1269 3697 1377 3769 est,
1423 3697 1667 3757 eandem
1709 3699 1873 3757 vetis
1917 3691 2143 3775 Mun-fir

1289 3789 1339 3843 A
1383 3799 1413 3857 ς
1552 3813 1553 3816 “
1897 3781 2143 3859 antiquis
