2594 4255
541 230 1723 319 .·AD1'O;FABR·1c1VM.
1866 279 1867 282 κ
2029 260 2137 344 29

205 396 348 474 Nu
402 416 484 473 er
534 390 792 472 nastus
824 370 996 468 sum
1046 388 1945 472 BRERLAzr'Pontificii
1975 394 2137 470 An-

218 496 322 600 gli
388 494 676 577 ibrum:
742 496 892 570 Cui
919 488 1206 576 'titulus
1227 518 1244 541 ⁸
1279 489 1669 596 ‚Apologia
1714 492 2137 574 Protestan-

216 604 410 678 tium
443 599 584 702 pro
616 600 958 676 Romana
976 590 1202 689 Eccle
1285 599 1325 690 j,
1354 592 1937 674 vbinostrorum
1967 596 2139 678 loca

210 702 358 780 suis
375 696 710 778 fauentia
732 696 1058 776 adducit.
1164 690 1463 772 Vellem
1491 700 1711 776 etiam
1729 696 1995 778 fimilia
2011 702 2133 780 in-
2259 795 2262 798 ‚

67 844 70 849 ·
201 826 322 882 ter
356 804 654 926 nostros
698 820 780 876 et
808 792 1289 876 Reformatos
1323 794 1791 876 haberentur.
1889 801 2135 914 Qod

198 904 540 1010 superest
584 898 748 980 vale
788 896 1130 1004 faueque.
1261 894 1561 980 Dabam
1605 902 1953 996 Hannon.
2001 930 2129 990 20.

109 1075 124 1119 r
200 1012 414 1112 Sept.
448 1006 670 1108 1698.
998 1011 1004 1023 ”

310 1146 386 1220 Ρ.
408 1142 476 1218 S.
526 1146 650 1218 An
682 1138 1299 1245 neminemriosti
1321 1200 1345 1238 ,
1375 1136 1511 1238 qui
1545 1134 1817 1216 habeat
1851 1134 2137 1224 librum

200 1246 388 1322 Iac,
426 1244 604 1320 PAY
626 1246 1333 1322 vAEANDRAml
1357 1270 1377 1318 :v
1425 1238 2141 1344 Explicationesor-

167 1416 169 1422 Α
206 1344 600 1426 thodoxae
638 1344 732 1422 de
766 1340 1273 1426 controuerfis
1305 1340 1697 1444 religionis
1735 1340 2143 1446 capitibuS,

80 1471 82 1478 ’
151 1474 442 1546 ouem
502 1430 870 1526 refutauit
938 1450 1577 1524 CHEMNITIVS
1627 1446 1709 1520 in
1741 1448 2139 1530 ,Examine
2259 1495 2275 1505 -

191 1548 544 1626 Concilii
562 1546 1030 1626 Tridentini.
1134 1546 1343 1624 Mihi
1363 1544 1553 1626 olim
1573 1544 1813 1628 lestus
1847 1548 1977 1648 est,
2007 1546 2139 1628 sed

202 1650 308 1736 ab
342 1674 442 1728 eo
470 1672 817 1754 tempore
854 1650 1108 1728 rursus
1162 1672 1321 1724 non
1367 1649 1723 1726 occurrit.
1827 1652 2001 1726 Erat
2053 1654 2139 1728 in

200 1750 568 1934 ειιὲῗείρῐὲε
600 1750 986 1832 Albertina
1000 1746 1315 1858 Lipfiae,
1343 1748 1471 1830 sed
1499 1748 1885 1852 disparuit,
1901 1772 2141 1869 quum

200 1880 370 1934 eml
404 1880 488 1934 ιιι
544 1876 812 1934 eretur.

544 2061 1399 2143 EPISTOLA
1499 2061 1777 2141 XVII.
1862 2133 1881 2142 ,.

200 2219 250 2283 Ῑ.
300 2219 400 2279 De
424 2215 674 2289 fabricii
696 2219 1004 2297 paradoxis
1018 2217 1357 2299 theologicis.
1445 2219 1517 2283 11.
1565 2197 1803 2299 Consilia
1827 2215 1897 2279 de
1919 2221 2139 2303 negotio

142 2310 145 2314 ’
382 2305 594 2365 irenica
624 2305 872 2385 tegenda.
1577 2352 1580 2359 .

209 2437 268 2515 1.
313 2439 670 2617 'theris
706 2439 908 2515 Tuis
950 2433 1381 2539 gratiffimis
1425 2431 1963 2537 respondissem
1993 2437 2137 2517 du-

504 2539 690 2619 dum
710 2601 734 2641 ‚
821 2535 954 2617 nifi
1002 2543 1146 2615 iter
1200 2533 1541 2615 Cellense
1591 2537 2139 2637 interueniss'et,

161 2637 166 2644 ’
210 2641 430 2745 quod
460 2667 588 2719 me
621 2637 978 2721 nonnihil
1012 2639 1389 2739 distraxit,
1417 2637 1601 2717 dum
1633 2637 1813 2719 volo
1829 2661 1987 2719 non
2005 2663 2137 2717 ne-

208 2743 502 2847 gligere
536 2741 1006 2823 occasionem
1038 2741 1349 2821 videndi
1377 2745 1629 2843 magni
1667 2745 1775 2819 Re
1831 2749 1913 2821 is.
1932 2747 2139 2821 Ante

212 2849 476 2925 omnia
492 2870 634 2951 pro
650 2847 1154 2932 differt‘atione
1172 2843 1265 2923 de
1282 2845 1681 2949 paradoxis
1701 2769 2139 2945 Tfieologi-

212 2951 326 3027 cis
346 2971 488 3052 ago
516 2953 784 3051 gratias
804 3005 828 3035 2.
858 2947 1112 3049 quales
1132 2969 1509 3045 meretur,
1541 2949 1671 3025 i.e.
1711 2943 2133 3049 singulares,

212 3053 401 3129 Hoc·
446 3051 692 3155 ipsum
738 3051 844 3131 est
888 3047 1267 3131 methodo
1307 3047 1759 3153 expofitoria
1823 3073 2137 3149 operam

159 3207 164 3214 -
210 3151 668 3259 praeclaram
698 3155 872 3234 dare
892 3217 918 3255 ,
956 3177 1104 3253 qua
1132 3151 1347 3257 saepe
1399 3145 2131 3251 controuerfiaedif-

210 3259 510 3339 flantur.
614 3257 864 3337 Vestra
898 3259 994 3337 de
1022 3255 1397 3337 Absolute>
1429 3257 1767 3353 Decreto
1795 3277 2137 3359 pergrata

216 3381 442 3439 erunt
476 3361 773 3438 monita
816 3359 906 3437 ad
952 3357 1323 3463 scriptum
1361 3355 1557 3435 mihi
1611 3359 2135 3455 communica-

104 3465 169 3546 “ῖ’·
206 3457 384 3568 jtum
402 3483 482 3539 et
518 3459 774 3539 vobist
788 3459 1309 3549 transmissum.
1415 3461 1497 3535 In
1517 3459 1917 3563 paradoxis
1933 3457 2135 3535 Tuis

216 3563 636 3645 commode
656 3561 1044 3663 distinguis
1066 3586 1247 3643 cum
1265 3567 1339 3639 D
1359 3589 1405 3639 v
1429 3591 1473 3639 R
1491 3587 1535 3637 R
1553 3585 1581 3639 1
1601 3589 1651 3637 o
1689 3563 1889 3641 inter
1904 3559 2137 3657 meri-

26 3656 31 3666 ’
216 3685 386 3753 tum
440 3687 520 3747 et
566 3663 1118 3749 conditionem.
1249 3665 1559 3749 Nostrae
1607 3667 1841 3745 etiam
1889 3659 2139 3831 bonaae

168 3791 170 3798 ·
228 3777 244 3818 ·.
1953 3783 2057 3857 qu
2101 3797 2137 3815 ...

738 4009 803 4053 ,ς
