2594 4255
667 204 833 284 AD
894 151 1795 314 ΙΟΙΡΑΒΜΟΝΜ.
1988 219 1997 228 „
2097 142 2219 313 ἐν]
2318 141 2319 146 ¹

272 363 352 441 is
388 362 869 438 Germanicis
911 357 1318 459 aliquando
1370 336 1703 438 inseruit.
1741 359 1861 459 (³⁸)
1892 389 1895 392 ⁷
1930 359 2216 443 'Etiam
2334 412 2343 418 ,
2407 351 2411 357 ’

253 469 419 542 Ἰο.
487 466 729 543 CLER
755 488 965 539 [ονε
1061 463 1199 538 Vir
1272 458 1745 541 doffiffirnus
1801 458 1988 540 huie
2051 462 2215 542 sen-

272 566 560 646 tentiae
593 558 822 645 fauet.
924 564 1237 643 Gaudeo
1270 563 1480 663 quod
1510 561 1772 642 scribis
1805 562 1949 643 effe
1970 589 2098 643 me
2131 568 2216 645 in
2294 631 2299 636 .

275 666 545 768 aliquo
587 669 845 770 pretio
892 665 1091 770 apud
1150 661 1523 767 insignem
1574 669 1865 744 Virum.
1968 669 2215 747 Cuius
2317 731 2330 742 l

277 772 602 848 nomine
633 767 974 848 libenter·
1010 768 1335 847 offeram
1356 775 1391 866 ',
1443 791 1631 873 quae
1678 770 1950 847 mittet.
1987 774 2213 849 ‘Sere-

277 871 580 950 nissima
618 863 951 951 Eledlrix
1001 875 1166 948 eius
1217 868 1643 971 aliquoties*
1673 872 2025 949 meminit
2067 870 2213 952 ho-

275 973 626 1053 norifice.
732 973 966 1086 Qod
1000 971 1332 1075 superest
1364 969 1527 1052 vale
1553 966 2214 1074 faueque.D-abam

277 1079 585 1155 Hanou.
629 1101 734 1179 14.
768 1069 1190 1177 Ost.'1706.

211 1243 216 1268 1
257 1181 381 1255 -.(*)
427 1179 601 1244 Conf-
635 1179 1037 1241 Monathliche
1067 1187 1328 1259 Ausziige
1353 1199 1510 1260 1701.

463 1266 1911 1398 .EP18TOLALX'xx1Vg

814 1468 1122 1555 Peterfenie‘
1146 1471 1336 1553 verfies
1365 1471 1690 1534 laudantur.

217 1580 225 1587 ’
281 1523 523 1789 Ιησιε
553 1631 832 1711 paucos
851 1605 1041 1706 dies,
1058 1610 1232 1685 Deo
1274 1604 1606 1707 volente,
1639 1607 1840 1712 apud
1870 1608 2028 1687 Vos
2047 1616 2230 1715 erog

389 1710 633 1790 media
666 1732 749 1789 vt
778 1709 827 1789 s
865 1734 1000 1789 ero
1034 1709 1108 1787 Ie
1164 1713 1445 1788 timana
1477 1707 1836 1810 sequente
1869 1710 1989 1791 vel
2034 1736 2225 1816 pau-

284 1810 371 1891 lo
399 1836 587 1899 ante.
691 1818 777 1891 In
834 1811 877 1891 e
921 1817 1115 1891 Bero
1149 1812 1370 1889 inum
1414 1837 1746 1917 pergam.
1847 1817 2052 1918 Quia
2093 1839 2219 1893 ce·
2264 1857 2267 1862 -
2344 1883 2347 1884 f

169 1909 182 1974 ἱ
255 1917 652 1995 rimoniis‘
690 1914 1155 2021 nuptialibus
1214 1911 1349 1992 hie
1395 1939 1555 1994 non
1617 1913 1886 2014 adem,
1939 1918 2219 1996 Domi-

285 2042 477 2098 num
528 2023 595 2096 G
615 2045 659 2095 A
679 2046 727 2095 R
747 2045 798 2095 G
818 2047 867 2095 A
888 2046 937 2095 N
960 2043 1010 2094 T
1034 2045 1058 2093 1
1077 2044 1125 2094 v
1145 2045 1217 2124 M!
1249 2015 1768 2110 Sereniffimae
1823 2014 2220 2099 Elestlieis
2281 2059 2300 2071 -

199 2138 227 2163 ²
286 2124 315 2200 i
372 2118 516 2203 fius
549 2120 745 2201 scitu
776 2122 1083 2225 rogaui,
1112 2143 1193 2199 vt
1225 2117 2016 2209 Pete1·senianos.tunc
2047 2140 2220 2203 ver-

326 2249 416 2304 us
448 2222 620 2329 sane
652 2221 1215 2328 pulcherrimos
1246 2223 1509 2303 offerri
1557 2246 1796 2304 curet.
1903 2223 2223 2305 Dubita-

251 2394 257 2399 ,
286 2328 512 2424 ui‚an
541 2323 1052 2406 eaoccafione
1086 2325 1318 2401 etiam
1340 2325 1827 2404 offerendum
1845 2325 2023 2406 effet
2038 2330 2222 2408 scri·
2312 2412 2317 2417 ,

244 2527 248 2531 ‚
282 2447 506 2532 ptum
539 2429 688 2503 Dn.
731 2427 811 2503 T
830 2452 884 2501 H
902 2451 940 2500 E
958 2449 1009 2509 ο
1029 2451 1068 2499 P
1087 2449 1140 2497 H
1164 2448 1248 2498 11,
1270 2449 1294 2496 1
1345 2430 1426 2499 in
1458 2429 1841 2504 canticum
1888 2425 2221 2511 Salomo.

281 2530 456 2609 nis?
526 2526 670 2607 Sed
717 2532 894 2628 quia
925 2551 1070 2604 nec
1097 2525 1433 2603 carmine
1462 2522 1828 2631 scriptum
1849 2589 1873 2627 ,
1902 2549 1981 2606 et
2012 2555 2226 2609 mere

283 2628 612 2710 latinum
644 2629 790 2730 est,
819 2627 1156 2708 indicaui
1210 2625 1290 2704 id
1339 2625 1605 2707 frustra
1653 2624 1863 2728 fore,
1907 2632 2225 2729 interim

287 2722 560 2836 graQs
603 2758 769 2837 ago,
873 2735 926 2811 P
944 2758 984 2810 E
1004 2757 1056 2807 T
1077 2757 1116 2806 ε
1137 2757 1181 2804 n
1201 2755 1234 2806 s
1256 2756 1294 2806 E
1314 2756 1366 2805 N
1385 2756 1415 2808 1
1437 2757 1485 2808 o
1527 2727 1795 2834 infigni
1830 2734 2001 2812 viro
2032 2759 2223 2813 mox

287 2834 445 2937 ipse
475 2834 819 2915 scribam.
926 2841 1220 2914 Interea
1254 2831 1417 2913 vale
1450 2828 1999 2937 faueque.Dab.
2021 2839 2222 2920 Han.

277 2957 354 3036 ,5.
387 2935 802 3019 Nouembr.
838 2936 1064 3041 1706..

495 3139 518 3147 ⁴
595 3143 1436 3226 EPISTOLA
1516 3142 1913 3226 LXXXV.

256 3264 330 3359 ι’1.
375 3291 687 3376 Peterfinii
715 3296 851 3359 laus.
936 3304 1013 3363 11.
1057 3301 1379 3365 Leibnitius
1408 3299 1743 3384 spemn-ulis
1756 3324 1867 3365 non
1895 3302 2219 3367 deleaatur.

288 3430 338 3507 1.
393 3432 719 3610 Quae
754 3432 1185 3516 commifisti
1211 3430 1418 3515 reste
1437 3455 1684 3514 curata
1705 3436 2001 3520 dudum
2018 3438 2229 3517 haud

305 3616 318 3627 ⁵
603 3530 837 3610 dubie
873 3536 1358 3617 intellexeris.
1462 3542 1534 3617 N
1544 3564 1692 3618 unc
1726 3541 1818 3621 ad
1855 3546 1982 3621 Te
2020 3542 2230 3619 litte-

238 3708 243 3715 .
283 3653 398 3715 ras
412 3636 718 3740 *egregii
754 3634 923 3715 Viri
974 3639 1121 3721 Dn.
1170 3644 1370 3825 D.HP
1390 3667 1427 3716 ε
1445 3665 1500 3720 T
1522 3668 1561 3721 E
1580 3670 1625 3723 R
1644 3668 1678 3724 s
1698 3671 1738 3721 E
1758 3672 1810 3726 N
1832 3672 1901 3723 11
1946 3640 2190 3731 mitto
2207 3701 2234 3741 ‚

223 3768 228 3773 ·
1393 3765 1436 3847 3
2039 3769 2086 3846 q
2101 3768 2231 3823 uas
