2594 4255
514 282 519 293 ·
606 233 765 313 AD
802 231 960 315 10.
1016 226 1726 312 FABRICIVM:
2027 250 2134 335 73·

178 382 347 488 qui
371 381 642 466 videbo
673 412 768 468 an
808 389 1078 466 iuuare
1122 382 1399 488 poffim
1429 447 1454 487 ,
1499 406 1584 464 vt
1631 378 1943 465 tandem
1971 378 2125 464 ‘ali-
2180 420 2187 435 ·

184 513 439 588 quem
464 492 763 569 exitum
791 489 1165 567 sortiatur.
1268 490 1572 586 Interea*
1587 487 1748 569 vale
1767 484 2119 591 saneque.

187 588 488 685 Dabam
518 596 979 671 Hanouerae
1025 613 1152 692 29.
1188 585 1426 689 April.
1458 612 1649 691 1701.

292 715 364 807 R.
436 717 505 792 S.
560 704 880 793 Oblitus
935 709 1106 788 sum
1198 709 1458 786 dicere
1537 708 1815 793 librum
1877 717 1941 795 R
1964 741 2016 797 ο
2035 743 2118 794 Μ.

173 814 247 896 F
264 841 314 889 o
335 841 455 892 RG
477 842 516 891 E
537 844 581 892 R
602 810 632 894 i
655 841 694 891 E
714 839 750 893 s
811 813 1009 893 mihi
1056 807 1202 890 effe
1251 813 1636 912 ignotum.
1665 848 1676 857 ’
1759 817 2122 920 Epistulas

164 919 523 1007 Irenicas
571 940 758 1018 quas
805 916 1186 994 Dominus
1232 917 1263 990 1
1284 946 1334 989 A
1355 940 1396 990 B
1416 939 1459 988 1,
1479 937 1531 987 o
1550 937 1606 988 N
1622 937 1655 989 s
1675 937 1722 988 κ
1742 938 1770 993 1
1791 941 1832 990 v
1855 938 1888 994 s
1934 916 2120 1002 defi..

118 1077 141 1087 -
168 1017 448 1117 derat,
480 1016 665 1097 hinc
699 1020 977 1123 opinor
1003 1041 1183 1096 acce
1240 1019 1394 1095 eris
1424 1018 1656 1116 eique
1673 1013 1791 1094 vel
1808 1020 2096 1102 miseris

169 1119 320 1199 vel
352 1115 884 1223 fignificaueris
911 1120 1133 1200 miffu
1156 1132 1159 1137 ’
1182 1040 1450 1222 gignas
1483 1132 1644 1207 non
1693 1116 1884 1219 effe,
1930 1074 2130 1201 mihi

169 1224 408 1301 enim
440 1222 788 1304 videntur
838 1222 1053 1304 valde
1087 1223 1411 1300 ieiunae.
1459 1217 1911 1305 Rintelenfis
1961 1223 2131 1320 qui-

173 1325 369 1403 dam
431 1321 629 1406 Prof.
697 1334 1053 1407 Kiskssn
1116 1320 1401 1402 dicitur
1460 1347 1688 1421 autor
1774 1320 2134 1441 epistolae
2223 1338 2232 1347 “

168 1416 458 1519 saitem
516 1426 863 1534 primae.''
933 1432 1311 1531 Interpres
1342 1423 1601 1506 Gallus
1633 1427 1739 1508 est
1785 1423 2132 1507 mmister

174 1524 674 1611 Hamelenfis
708 1526 1044 1610 Gallicus
1077 1526 1356 1629 distu8‚
1391 1529 1625 1611 credo
1658 1530 1727 1609 la
1754 1552 2001 1633 porte.

530 1712 1385 1821 EPrsToLA
1478 1737 1784 1815 xL1v.

354 1858 360 1873 ¹
462 1889 786 1953 -Leibnitius
812 1889 1083 1955 culcitras
1113 1904 1279 1953 vento
1307 1889 1540 1973 inflatas
1569 1887 1863 1972 desadem.

172 2031 488 2210 Spero
541 2028 670 2106 Te
721 2024 969 2106 valere
988 2038 1000 2095 ε·
1015 2052 1116 2105 ex
1186 2025 1556 2104 sententia
1588 2085 1612 2129 ,
1675 2046 1755 2104 et
1798 2025 2129 2106 memini

172 2205 177 2212 .
321 2152 692 2233 quantum
736 2125 872 2212 {im
921 2129 1115 2210 Tibi
1142 2125 1588 2229 obstrifius‚
1634 2125 1845 2230 quod
1894 2131 2130 2230 etiam

178 2231 617 2339 expendisti
647 2229 1017 2336 quaedam
1035 2294 1059 2330 ,
1076 2257 1266 2335 quae
1286 2228 1702 2320 refundere
1714 2255 1870 2311 non
1888 2236 2127 2313 omit-

181 2351 375 2418 tam.
476 2338 704 2416 Nunc
736 2333 1027 2437 aliquid
1058 2334 1294 2416 fimile
1321 2360 1365 2414 a
1403 2339 1531 2412 Te
1562 2357 1821 2440 petere
1855 2336 2130 2417 audeo.

184 2433 542 2520 Intellexi
574 2436 721 2522 effe
760 2436 1234 2542 Noribergae
1282 2435 1654 2553 artifices,
1683 2439 1820 2535 qui
1848 2431 2130 2536 faciant

183 2536 543 2620 culcitras
573 2543 903 2622 maiores
933 2541 1385 2620 minoresue
1413 2533 1627 2617 ledhs
1657 2538 1994 2636 maxime
2009 2542 2154 2618 in-'·

182 2640 614 2730 seruientes
665 2668 764 2724 ex
811 2644 1033 2723 corio
1078 2639 1288 2744 quod
1336 2638 1424 2721 fit
1470 2661 1706 2720 vento
1754 2640 2128 2720 inflatum.
2193 2651 2200 2654 “

190 2751 459 2848 Itaque
489 2744 778 2826 discere
796 2745 1060 2846 velim,
1090 2769 1184 2824 an
1217 2746 1608 2849 impetrari
1637 2740 2133 2861 inde-poffint

152 2888 161 2893 ·
192 2845 380 2929 tales
407 2847 796 2952 culcitrae,
813 2871 888 2928 et
933 2846 1251 2949 quidem
1278 2869 1471 2948 quae
1503 2870 1630 2949 24.
1648 2847 1959 2926 circiter
1989 2845 2132 2927 ho-
2249 2893 2256 2900 .
2295 2829 2306 2836 ’

192 2951 304 3030 ris
338 2950 637 3054 pondus
667 2947 1110 3056 im‘pofitum
1143 2950 1503 3030 sustinere
1535 2947 1865 3055 possint‚
1911 2967 1994 3026 vt
2021 2969 2136 3026 ta·
2239 3043 2250 3048 ,

110 3067 135 3090 ·
198 3075 389 3134 men
422 3075 742 3136 ventum
775 3078 936 3134 non
966 3057 1359 3153 amittant,
1390 3076 1468 3131 et
1496 3076 1688 3133 mox
1718 3048 1976 3131 denuo
2009 3050 2131 3145 in-

191 3156 414 3237 flatae
448 3160 531 3237 in
562 3155 905 3238 bonitate
935 3156 1286 3262 perstent,
1320 3182 1400 3236 et
1433 3155 1700 3257 quanti
1735 3147 2129 3235 constent?

192 3257 472 3342 Malim
514 3258 743 3341 talem
783 3257 1187 3339 culcitram
1221 3255 1453 3364 paulo
1499 3257 1870 3353 majorem
1921 3254 2133 3342 iusta.
2201 3251 2206 3270 ³
2249 3295 2252 3302 ·

74 3368 82 3378 '
196 3362 291 3443 Et
320 3355 378 3445 fi
409 3384 628 3442 certo
661 3360 947 3443 constat
979 3362 1135 3443 hoc
1166 3365 1247 3440 in
1262 3359 1340 3438 se
1362 3361 1703 3461 recipere
1730 3360 2131 3460 artificem,

196 3467 692 3546 mitterentur
724 3464 1140 3545 mensurae.
1248 3462 1489 3579 Qod
1519 3462 1854 3568 superest
1895 3485 2092 3564 rogo
2103 3509 2135 3557 ,

195 3589 277 3648 vt
304 3567 523 3647 hunc
553 3563 906 3648 fauorem
936 3562 1326 3670 prioribus
1357 3564 1614 3654 addas,
1647 3590 1726 3648 et
1742 3565 1938 3644 Tibi
1953 3583 2133 3667 per·-

196 3667 536 3775 stradeaS,
564 3694 696 3758 me
726 3691 1125 3784 nunquam
1164 3665 1433 3750 officio
1469 3667 1796 3770 ,viciffim
1833 3669 1962 3752 Te
2007 3659 2133 3735 de·

1010 3787 1019 3802 ⁴
1172 3770 1241 3852 E
1297 3794 1335 3862 5
1829 3781 2134 3847 meren·
2213 3768 2244 3832 .“

2565 3951 2566 3956 Α
2549 3697 2567 3896 ἔξει-..ι
2559 3397 2567 3628 -ῌ-ᾼ-Α--μῇ
