2594 4255
318 245 331 254 “
454 236 600 335 178
698 183 2203 313 GJG.LE113N1T11EP.CXX'111.

465 383 924 468 Germaniae
955 377 1369 459 condolere
1401 375 1658 461 debui.
1759 381 2179 466 Amisimus
2198 389 2411 470 enim

462 511 557 567 tu
591 482 905 587 quidem
938 479 1431 584 praesidium,
1463 505 1607 561 nos
1623 507 2188 570 ornamentum.
2249 477 2408 584 *Fa-s

467 590 581 667 cit
606 610 863 666 tamen
896 607 972 662 et
1004 586 1378 663 memoria
1430 585 1578 661 viri
1630 609 1711 665 et
1751 583 2064 692 infignia
2087 591 2412 695 'ingenii

466 709 1011 786 monumenta,
1060 708 1143 765 vt
1190 684 1387 766 Tibi
1432 688 1714 785 pariter
1760 710 1838 769 et
1877 688 2101 773 nobis
2147 698 2410 775 viuere

467 789 718 872 adhuc
750 787 1330 892 quodammodo
1348 786 1588 866 videri
1618 790 1866 896 poffit.
1972 796 2405 899 Siquaeille

468 889 731 978 affecta
784 887 1271 993 absolutaque
1319 886 1628 991 reliquit
1661 954 1686 993 ,
1745 918 1906 975 non
1950 899 2405 1000 premenda,
2493 905 2498 908 ’

463 996 596 1077 sed
623 992 912 1075 edenda
951 990 1227 1073 censeo
1249 1053 1273 1091 ‚
1308 999 1766 1095 quamquam
1800 1021 1961 1075 non
1989 998 2354 1082 ‘dubitem
2374 1063 2403 1101 ‚

464 1099 655 1202 quin
685 1095 1153 1178 voluntatem
1183 1093 1393 1181 suam
1423 1093 1664 1175 Vobis
1693 1093 1868 1174 [atis
1885 1100 2349 1199 expresserit.

565 1207 652 1280 11.
706 1203 826 1280 De
856 1198 1083 1281 rebus
1115 1194 1430 1277 curiofis
1466 1220 1920 1300 quamquam
1955 1200 2149 1279 Tibi
2184 1229 2399 1286 nunc

458 1301 792 1385 scribere
837 1299 1462 1406 intempestiuum
1507 1300 1749 1380 videri
1847 1297 2017 1379 offit
2041 1359 2066 1400 ‚
2116 1304 2402 1390 addam

456 1430 719 1488 tamen
731 1405 1018 1511 paucis,
1050 1400 1258 1506 quod
1280 1401 1521 1481 literis
1539 1404 1744 1482 Tuis
1793 1399 2394 1484 atisfac‘erearbi-
2481 1477 2486 1482 ,

459 1509 647 1589 tror.
698 1509 891 1588 Puto
923 1508 1356 1614 igiturnon
1387 1503 1696 1585 diuerso
1715 1566 1737 1605 ‚
1769 1504 1900 1585 sed
1929 1503 2198 1586 eodem
2227 1504 2390 1611 pla-

457 1636 563 1694 ne
589 1610 834 1692 modo
860 1607 1137 1688 sonum
1166 1630 1244 1687 et
1276 1605 1604 1713 produci
1624 1632 1701 1686 et
1772 1612 2115 1713 ropagari
2131 1632 2205 1688 et
2217 1633 2388 1715 per-

455 1714 664 1821 cipi,
694 1737 871 1793 nem
929 1736 972 1790 e
1006 1735 1143 1816 per
1174 1734 1311 1789 cor
1335 1806 1340 1811 .
1365 1712 1524 1788 oris
1557 1731 1689 1788 ten
1775 1732 2220 1792 tremorem.
2253 1715 2394 1792 lta-

450 1842 609 1921 que
653 1812 809 1900 fine
850 1841 895 1895 e
925 1814 1091 1894 astri
1139 1837 1290 1894 con
1320 1812 1740 1893 ideratione
1788 1839 2041 1917 neque
2084 1838 2127 1893 a
2174 1817 2395 1893 Fumi

312 1953 323 1962 ’
449 1946 501 1998 c
521 1946 571 1997 A
588 1945 623 1997 s
642 1944 696 1996 τ
714 1945 763 1995 o
782 1946 827 1995 n
847 1943 879 1998 1
896 1943 952 1999 o
982 1918 1238 2020 potuit
1252 1976 1277 2017 ‚
1294 1939 1545 2018 neque
1560 1914 1653 1994 ab
1682 1914 1837 1994 alio
1853 1915 2100 2020 potest
2113 1914 2397 2020 aliquid

447 2020 626 2108 satis
655 2015 1001 2102 distinete
1030 2019 1164 2094 hic
1198 2016 1378 2095 dici.
1481 2015 1665 2097 Non
1701 2015 1831 2117 est,
1856 2016 2067 2117 quod
2087 2021 2215 2096 Te
2233 2016 2396 2097 cul.-

447 2127 641 2202 citra
670 2117 948 2200 turbet.
1049 2121 1252 2200 Nam
1283 2145 1529 2220 quum
1559 2116 1834 2201 sonum
1868 2117 2212 2222 edit‚fila
2226 2122 2412 2201 eius

448 2220 618 2306 istu
649 2219 1111 2325 tenduntur,
1143 2220 1490 2325 nihilque
1520 2240 1678 2303 tam
1709 2219 1945 2302 molle
1992 2223 2099 2303 est
2131 2287 2157 2327 ‚
2202 2225 2393 2327 quin
2439 2280 2446 2285 ‚

264 2406 275 2415 ,
360 2404 369 2407 -
450 2326 546 2410 ad
576 2324 908 2408 celerem
938 2325 1111 2407 satis
1143 2324 1384 2406 ieium
1422 2325 1799 2404 rationem
1828 2324 2100 2406 habeat
2116 2342 2399 2432 corpo-

376 2496 383 2501 -
440 2434 554 2517 ris
583 2427 790 2514 tenfi.
894 2427 1423 2532 Circuli,quos
1450 2427 1534 2506 in
1567 2452 1741 2507 aere
1771 2427 2099 2531 fingunt,
2134 2431 2226 2509 ad
2253 2455 2389 2510 eo-

442 2560 621 2618 rum
655 2537 1204 2619 imitationem,
1236 2555 1440 2636 quos
1469 2528 1761 2611 inieflo
1781 2529 2042 2637 lapillo
2082 2534 2161 2611 in
2193 2555 2389 2631 aqua

444 2636 653 2721 nasci
681 2630 1077 2739 videmu8‚
1103 2660 1275 2715 mea
1315 2634 1684 2713 sententia
1740 2631 1937 2713 nihil
1983 2633 2200 2737 plane
2241 2656 2382 2709 ex·-

442 2740 753 2849 plicant.
860 2743 1061 2818 Nam
1092 2760 1171 2819 et
1206 2739 1289 2816 in
1324 2735 1624 2838 liquido
1659 2760 1821 2815 non
1849 2734 2020 2814 latis
2053 2732 2389 2834 clamen,

466 2841 672 2924 ‘uale
702 2841 806 2922 est
836 2864 1026 2943 aqua
1065 2900 1089 2939 ‚
1145 2839 1408 2921 locum
1439 2837 1766 2940 habent,
1810 2862 1887 2917 et
1928 2835 2123 2916 nihil
2171 2832 2388 2916 aliud

484 2968 663 3048 unt,
694 2968 925 3047 quam
962 2939 1247 3026 fluctus
1274 2939 1785 3043 cubiculares,
1833 2939 2097 3019 locum
2144 2937 2396 3059 lapilli
2461 3032 2467 3041 ‚
2533 3024 2538 3031 ⁸

441 3046 1019 3129 circumdantes
1147 3041 1457 3126 Flud'tus
1518 3065 1779 3124 autem
1840 3067 2071 3146 aquae
2118 3064 2386 3150 potius

442 3172 629 3229 cum
661 3173 897 3231 vento
911 3209 938 3251 ‚
1024 3149 1105 3226 ui
1132 3151 1215 3226 in
1245 3150 1417 3226 aere
1459 3147 1565 3227 est
1601 3207 1625 3246 ‚
1675 3171 1907 3253 quam
1956 3171 2143 3227 cum
2188 3143 2382 3224 sono

442 3257 869 3354 comparari
903 3248 998 3331 de
1055 3273 1206 3330 ent.
1313 3252 1504 3328 Sunt
1536 3250 1747 3333 enim
1769 3244 2217 3330 affestiones
2255 3266 2382 3349 to·
2463 3256 2474 3283 ³

320 3362 324 3371 ’
441 3350 602 3432 tius
638 3352 961 3435 alicuius
1005 3354 1389 3460 portionis
1438 3361 1754 3453 magnae
1785 3412 1811 3452 ‚
1862 3378 2110 3453 quum
2157 3350 2379 3429 sonus

435 3449 779 3535 confistat
818 3459 902 3534 in
941 3456 1453 3563 trepidatione
1505 3454 1853 3556 ‘partium
1867 3457 2378 3556 -exiguarum,

439 3555 657 3637 Vnde
683 3581 828 3636 nec
848 3580 888 3634 a
908 3581 1144 3637 vento
1159 3557 1560 3636 destruitur
1584 3553 1830 3650 sonuS,
1850 3581 2095 3655 quum
2113 3576 2377 3634 tamen

431 3656 715 3757 fluetus
741 3681 973 3769 aquae
1004 3657 1096 3741 ab
1124 3657 1291 3755 aliis
1319 3651 1687 3747 flustibus
1717 3653 2144 3739 turbentur.
2208 3660 2381 3736 Nec

1140 3792 1157 3845 ·,
1258 3792 1263 3797 ·
2176 3778 2376 3863 puto

1671 3974 1790 4048 A..
