2594 4255
465 271 591 351 116
692 268 2197 387 G.G.L513N1T11Er.rxxx1.
2311 236 2318 243 ’
2413 354 2424 363 ,

464 422 1083 507 tales'admoueri
1117 420 1344 500 sacris
1377 423 1866 522 muneribu8‚
1905 426 2040 524 qui
2059 425 2436 531 pruden-*’
2469 512 2476 523 ‚

467 531 573 606 tia
605 552 691 605 ac
719 521 1060 604 dostrina
1091 524 1405 623 eximii,
1439 524 1650 626 vulgi
1681 524 2072 608 affestibus
2109 536 2418 610 errori-

412 627 756 729 tbusque
812 651 969 707 non
1024 649 1444 707 teneantur.
1550 628 1789 744 Qod
1844 627 2169 735 superest
2229 634 2416 714 vale

458 724 658 825 saue.
711 726 1006 810 Dabam
1039 752 1137 831 31,
1172 736 1366 832 Aug.
1417 732 1628 834 1706.

745 908 1597 1013 EplsTOLA
1694 940 2104 1020 Lxxxm.

625 1090 934 1176 Petetfenii
956 1086 1146 1170 verfiss
1160 1102 1232 1149 ,σε
1260 1101 1396 1169 opus
1424 1074 1873 1171 Apocatafhastos
1888 1091 2218 1168 laudantur.

622 1227 839 1307 ratias
866 1250 1046 1327 agn,
1076 1219 1283 1326 quod
1313 1248 1442 1302 me
1476 1220 1874 1306 laetiffimo
1893 1231 2174 1310 nuntio
2203 1228 2408 1314 beas-f
2519 1244 2525 1249 ’

644 1329 750 1408 sti.
851 1325 1195 1407 Multum
1215 1324 1597 1406 indeboni
1645 1326 1868 1433 spero
1913 1334 1995 1409 in
2041 1334 2392 1439 republi-
2443 1412 2458 1419 ,

164 1474 177 1483 ’
304 1486 307 1495 ι
456 1457 547 1512 ca
574 1455 652 1510 et
684 1422 1022 1510 Ecclefia.
1129 1429 1346 1545 Qid
1377 1426 1430 1509 fi
1460 1454 1638 1508 eum
1673 1436 1751 1509 in
1786 1431 2095 1537 pestore
2126 1438 2392 1519 seruet

394 1618 399 1627 j
454 1530 981 1633 Sereniffimus
1018 1535 1243 1630 Dux,
1277 1533 1405 1633 qui
1439 1553 1652 1613 tanto
1668 1533 2017 1641 applausu
2034 1543 2398 1643 nuperirt—

453 1636 794 1718 aedicula
841 1632 1456 1717 Salzdahleme‘nfi
1498 1639 1936 1742 perorauit?
1991 1644 2192 1718 Eum
2221 1666 2376 1745 ego

450 1744 708 1822 virum
756 1737 960 1820 aulae
1027 1735 1139 1817 illi
1190 1762 1349 1817 non
1397 1739 1890 1821 mediocriter
1936 1741 2384 1845 gratularer,

439 1842 572 1927 sed
606 1842 1029 1925 dubitarem
1052 1902 1074 1942 ‚
1122 1865 1215 1919 an
1245 1839 1651 1923 confilium
1681 1841 1789 1921 illi
1825 1841 2004 1925 effet
2036 1846 2387 1945 quietam

439 1944 843 2027 stationem
873 1968 1166 2024 mutare
1196 1941 1248 2020 s
1282 1941 1707 2023 lendidiore
1747 1945 1878 2023 sed
1928 1944 2378 2032 laboriosio-

446 2048 592 2130 re?
660 2054 857 2130 Intra
887 2072 1169 2153 paucos
1201 1968 1364 2126 <fies
1394 2046 1593 2138 mihi
1624 2049 1704 2124 in
1765 2043 2010 2126 aulam
2035 2049 2379 2158 ‘Guelfefg

439 2153 795 2256 bytanam
829 2148 1172 2228 eundum
1203 2154 1389 2253 erit,
1418 2148 1627 2249 quod
1658 2147 1962 2228 aduersa
2010 2148 2377 2237 valetudo
2439 2139 2456 2170 ⁵

435 2250 1312 2358 haRenusximpedierat.
1415 2254 1721 2368 Ytinam
1753 2256 1879 2331 Te
1932 2250 2091 2332 illic
2144 2258 2374 2337 inue-

438 2360 714 2437 nirem.
818 2358 936 2433 Ex
981 2354 1252 2446 litteris
1300 2358 1503 2434 Tuis
1549 2379 1708 2436 non
1756 2353 2104 2438 diiudico
2154 2359 2372 2440 illinc

438 2484 534 2539 an
583 2458 1034 2541 Helmstadii
1086 2455 1513 2559 scripseris,
1564 2483 1743 2538 nam
1796 2457 2099 2559 datum,
2151 2462 2392 2564 quod-

431 2586 711 2644 vocant
743 2624 769 2664 ‚
818 2561 1037 2643 abest.
1190 2563 1487 2639 Patrem
1539 2559 1952 2662 quemdam
2008 2564 2368 2646 Iesuitam

287 2653 299 2674 ²
428 2668 1073 2749 PLEcKNERvM
1120 2659 1305 2741 illuc
1355 2665 1618 2740 venire
1660 2666 1888 2744 aiunt.
1993 2674 2115 2744 An
2167 2665 2366 2746 Tibi

316 2785 325 2790 ’
423 2769 559 2849 ille
619 2768 974 2871 cognitus
1030 2764 1059 2844 ?
1125 2761 1683 2844 Petersenianos
1748 2763 2023 2847 Versus
2089 2792 2361 2870 magna

425 2898 612 2955 cum
640 2868 1028 2973 voluptate
1059 2863 1248 2968 legi:
1315 2864 1698 2968 explorata
1748 2866 1946 2948 mihi
1990 2891 2149 2950 erat
2188 2893 2374 2951 eru·-

258 2985 265 2994 “
366 3025 383 3036 κ
427 2974 625 3055 ditio
672 2971 881 3069 Viri,
927 2969 1054 3050 sed
1100 2990 1411 3047 tantum*
1446 2967 1679 3070 ligato
1721 2970 2096 3052 sermone
2147 2970 2370 3091 posse.

320 3143 343 3162 s
420 3073 889 3179 ignorabam.
989 3068 1195 3164 Mihi
1227 3068 1525 3177 semper
1554 3074 1813 3154 omnia
1865 3075 2030 3152 eius
2059 3075 2359 3181 ‘scripta

420 3177 753 3258 mirifice
776 3174 1126 3283 placuere
1147 3235 1171 3274 ‚
1204 3175 1438 3251 etiam
1472 3172 1603 3253 vbi
1635 3198 1792 3253 non
1822 3173 2042 3279 plane
2077 3177 2173 3256 de
2219 3204 2356 3255 ve-

412 3280 635 3361 ritate
650 3279 1057 3359 sententiae
1075 3276 1242 3357 sum
1273 3274 1681 3381 persuaius.
1768 3282 2355 3381 Magnumopus

411 3381 1017 3488 Apocatastaseos
1038 3380 1391 3486 inprimis
1407 3374 1673 3458 arrifit:
1694 3375 1997 3482 legique
2013 3405 2189 3459 cum
2205 3406 2354 3462 vo-

396 3482 701 3591 ‘luptate
733 3504 814 3559 et
841 3480 1114 3562 frusta.
1224 3486 1486 3581 Itaque
1518 3505 1666 3583 ego
1683 3482 1841 3584 ipie
1857 3478 2349 3563 Recenfionis

408 3594 664 3671 Autor
692 3578 808 3662 fui
861 3607 947 3662 ac
997 3586 1499 3666 concinnator
1521 3643 1545 3681 ‚
1591 3608 1821 3683 quam
1872 3581 2352 3666 dostiffimus

407 3693 469 3770 E
494 3709 533 3769 c
557 3718 600 3774 c
618 3716 668 3769 A
684 3712 806 3767 RD
823 3713 872 3767 v
889 3712 925 3766 s
956 3687 1209 3770 noster
1238 3678 1396 3768 suis
1425 3682 1927 3769 relationibus
1957 3686 2364 3805 Menstru·.
2423 3765 2430 3770 .

1038 3845 1043 3854 .
1867 3811 1872 3818 ·
2278 3812 2356 3871 ις

1577 4109 1586 4122 Ι
