<?xml version="1.0" encoding="UTF-8"?>
<!DOCTYPE html PUBLIC "-//W3C//DTD XHTML 1.0 Transitional//EN"
    "http://www.w3.org/TR/xhtml1/DTD/xhtml1-transitional.dtd">
<html xmlns="http://www.w3.org/1999/xhtml" xml:lang="en" lang="en">
 <head>
  <title>
</title>
<meta http-equiv="Content-Type" content="text/html;charset=utf-8" />
  <meta name='ocr-system' content='tesseract 3.04.00' />
  <meta name='ocr-capabilities' content='ocr_page ocr_carea ocr_par ocr_line ocrx_word'/>
</head>
<body>
  <div class='ocr_page' id='page_1' title='image "./viriillvstratis00vongoog_0112.png"; bbox 0 0 2594 4255; ppageno 0'>
   <div class='ocr_carea' id='block_1_1' title="bbox 444 162 2145 349">
    <p class='ocr_par' dir='ltr' id='par_1_1' title="bbox 444 162 2145 349">
     <span class='ocr_line' id='line_1_1' title="bbox 444 162 2145 349; baseline -0.002 -40"><span class='ocrx_word' id='word_1_1' title='bbox 444 231 577 331; x_wconf 52' lang='lat'><strong>-7&#39;8</strong></span> <span class='ocrx_word' id='word_1_2' title='bbox 778 162 867 306; x_wconf 64' lang='lat' dir='ltr'><strong>‹3ss</strong></span> <span class='ocrx_word' id='word_1_3' title='bbox 921 183 1013 305; x_wconf 74' lang='lat' dir='ltr'><strong>G.</strong></span> <span class='ocrx_word' id='word_1_4' title='bbox 1062 224 1686 349; x_wconf 74' lang='lat' dir='ltr'>LE113N1T11</span> <span class='ocrx_word' id='word_1_5' title='bbox 1735 218 2079 308; x_wconf 79' lang='lat' dir='ltr'><strong>EP.·L1.‘</strong></span> <span class='ocrx_word' id='word_1_6' title='bbox 2141 254 2145 262; x_wconf 93' lang='lat'>·</span> 
     </span>
    </p>
   </div>
   <div class='ocr_carea' id='block_1_2' title="bbox 887 374 1970 516">
    <p class='ocr_par' dir='ltr' id='par_1_2' title="bbox 887 374 1970 516">
     <span class='ocr_line' id='line_1_2' title="bbox 887 374 1970 516; baseline -0.002 -6"><span class='ocrx_word' id='word_1_7' title='bbox 887 374 1970 516; x_wconf 77' lang='lat' dir='ltr'><strong>ErlsToLA&#39;Lr.</strong></span> 
     </span>
    </p>
   </div>
   <div class='ocr_carea' id='block_1_3' title="bbox 1083 588 1766 670">
    <p class='ocr_par' dir='ltr' id='par_1_3' title="bbox 1083 588 1766 670">
     <span class='ocr_line' id='line_1_3' title="bbox 1083 588 1766 670; baseline -0.001 -20"><span class='ocrx_word' id='word_1_8' title='bbox 1083 590 1276 650; x_wconf 75' lang='lat' dir='ltr'><strong>Status</strong></span> <span class='ocrx_word' id='word_1_9' title='bbox 1308 590 1514 670; x_wconf 74' lang='lat' dir='ltr'><strong>negotii</strong></span> <span class='ocrx_word' id='word_1_10' title='bbox 1546 588 1766 650; x_wconf 76' lang='lat' dir='ltr'><strong>irenici.</strong></span> 
     </span>
    </p>
   </div>
   <div class='ocr_carea' id='block_1_4' title="bbox 467 718 2485 1844">
    <p class='ocr_par' dir='ltr' id='par_1_4' title="bbox 467 718 2485 1844">
     <span class='ocr_line' id='line_1_4' title="bbox 471 718 2406 906; baseline 0.002 -106"><span class='ocrx_word' id='word_1_11' title='bbox 471 726 837 906; x_wconf 85' lang='lat' dir='ltr'><strong>Literae</strong></span> <span class='ocrx_word' id='word_1_12' title='bbox 873 726 1093 802; x_wconf 90' lang='lat' dir='ltr'><strong>Tuae</strong></span> <span class='ocrx_word' id='word_1_13' title='bbox 1127 724 1325 828; x_wconf 92' lang='lat' dir='ltr'><strong>apud</strong></span> <span class='ocrx_word' id='word_1_14' title='bbox 1352 720 1792 802; x_wconf 87' lang='lat' dir='ltr'><strong>societatem</strong></span> <span class='ocrx_word' id='word_1_15' title='bbox 1824 722 2138 826; x_wconf 77' lang='lat' dir='ltr'>Regiam</span> <span class='ocrx_word' id='word_1_16' title='bbox 2172 718 2406 804; x_wconf 82' lang='lat' dir='ltr'><strong>fuere</strong></span> 
     </span>
     <span class='ocr_line' id='line_1_5' title="bbox 554 826 2400 930; baseline 0 -26"><span class='ocrx_word' id='word_1_17' title='bbox 554 879 564 885; x_wconf 90' lang='lat'>-</span> <span class='ocrx_word' id='word_1_18' title='bbox 635 828 1177 930; x_wconf 84' lang='lat' dir='ltr'><strong>acceptiffimae</strong></span> <span class='ocrx_word' id='word_1_19' title='bbox 1195 886 1219 924; x_wconf 92' lang='lat'><strong>,</strong></span> <span class='ocrx_word' id='word_1_20' title='bbox 1262 850 1338 902; x_wconf 86' lang='lat' dir='ltr'><strong>et</strong></span> <span class='ocrx_word' id='word_1_21' title='bbox 1352 850 1540 924; x_wconf 87' lang='lat' dir='ltr'><strong>quae</strong></span> <span class='ocrx_word' id='word_1_22' title='bbox 1560 828 1930 930; x_wconf 85' lang='lat' dir='ltr'>proponis</span> <span class='ocrx_word' id='word_1_23' title='bbox 1944 826 2222 926; x_wconf 79' lang='lat' dir='ltr'><strong>agenda</strong></span> <span class='ocrx_word' id='word_1_24' title='bbox 2240 832 2400 906; x_wconf 77' lang='lat' dir='ltr'><strong>rei·</strong></span> 
     </span>
     <span class='ocr_line' id='line_1_6' title="bbox 471 926 2400 1034; baseline -0.001 -26"><span class='ocrx_word' id='word_1_25' title='bbox 471 928 817 1034; x_wconf 85' lang='lat' dir='ltr'><strong>publicae</strong></span> <span class='ocrx_word' id='word_1_26' title='bbox 853 928 1219 1006; x_wconf 84' lang='lat' dir='ltr'><strong>literariae</strong></span> <span class='ocrx_word' id='word_1_27' title='bbox 1256 926 1486 1006; x_wconf 85' lang='lat' dir='ltr'><strong>cauffa</strong></span> <span class='ocrx_word' id='word_1_28' title='bbox 1536 930 1762 1028; x_wconf 80' lang='lat' dir='ltr'><strong>digna</strong></span> <span class='ocrx_word' id='word_1_29' title='bbox 1812 952 2002 1028; x_wconf 87' lang='lat' dir='ltr'><strong>quae</strong></span> <span class='ocrx_word' id='word_1_30' title='bbox 2050 926 2400 1008; x_wconf 82' lang='lat' dir='ltr'><strong>confide-</strong></span> 
     </span>
     <span class='ocr_line' id='line_1_7' title="bbox 471 1028 2404 1130; baseline 0.002 -21"><span class='ocrx_word' id='word_1_31' title='bbox 471 1054 737 1110; x_wconf 81' lang='lat' dir='ltr'><strong>rentur</strong></span> <span class='ocrx_word' id='word_1_32' title='bbox 765 1052 841 1108; x_wconf 92' lang='lat' dir='ltr'><strong>et</strong></span> <span class='ocrx_word' id='word_1_33' title='bbox 871 1030 1272 1130; x_wconf 86' lang='lat' dir='ltr'><strong>aliquando</strong></span> <span class='ocrx_word' id='word_1_34' title='bbox 1306 1034 1386 1106; x_wconf 88' lang='lat' dir='ltr'><strong>in</strong></span> <span class='ocrx_word' id='word_1_35' title='bbox 1420 1054 1586 1106; x_wconf 88' lang='lat' dir='ltr'><strong>rem</strong></span> <span class='ocrx_word' id='word_1_36' title='bbox 1636 1028 2140 1108; x_wconf 87' lang='lat' dir='ltr'><strong>conferantur.</strong></span> <span class='ocrx_word' id='word_1_37' title='bbox 2242 1032 2404 1112; x_wconf 79' lang='lat' dir='ltr'><strong>Res</strong></span> 
     </span>
     <span class='ocr_line' id='line_1_8' title="bbox 469 1128 2398 1234; baseline 0.001 -24"><span class='ocrx_word' id='word_1_38' title='bbox 469 1136 753 1212; x_wconf 80' lang='lat' dir='ltr'><strong>irenica</strong></span> <span class='ocrx_word' id='word_1_39' title='bbox 787 1132 915 1210; x_wconf 88' lang='lat' dir='ltr'><strong>hic</strong></span> <span class='ocrx_word' id='word_1_40' title='bbox 965 1158 1119 1210; x_wconf 90' lang='lat' dir='ltr'><strong>non</strong></span> <span class='ocrx_word' id='word_1_41' title='bbox 1167 1130 1384 1234; x_wconf 88' lang='lat' dir='ltr'><strong>plane</strong></span> <span class='ocrx_word' id='word_1_42' title='bbox 1428 1128 1878 1230; x_wconf 79' lang='lat' dir='ltr'><strong>negligitur,</strong></span> <span class='ocrx_word' id='word_1_43' title='bbox 1928 1132 2021 1208; x_wconf 91' lang='lat' dir='ltr'><strong>de</strong></span> <span class='ocrx_word' id='word_1_44' title='bbox 2070 1158 2214 1232; x_wconf 89' lang='lat' dir='ltr'><strong>qua</strong></span> <span class='ocrx_word' id='word_1_45' title='bbox 2264 1134 2398 1212; x_wconf 56' lang='lat' dir='ltr'><strong>ali-¹</strong></span> 
     </span>
     <span class='ocr_line' id='line_1_9' title="bbox 469 1232 2394 1336; baseline -0.001 -22"><span class='ocrx_word' id='word_1_46' title='bbox 469 1236 777 1336; x_wconf 89' lang='lat' dir='ltr'><strong>quando</strong></span> <span class='ocrx_word' id='word_1_47' title='bbox 841 1259 1097 1314; x_wconf 89' lang='lat' dir='ltr'><strong>coram</strong></span> <span class='ocrx_word' id='word_1_48' title='bbox 1163 1232 1526 1336; x_wconf 72' lang='lat' dir='ltr'><strong>pluribus,</strong></span> <span class='ocrx_word' id='word_1_49' title='bbox 1600 1232 1898 1312; x_wconf 87' lang='lat' dir='ltr'><strong>Vellem</strong></span> <span class='ocrx_word' id='word_1_50' title='bbox 1938 1236 2168 1312; x_wconf 85' lang='lat' dir='ltr'><strong>etiam</strong></span> <span class='ocrx_word' id='word_1_51' title='bbox 2198 1238 2394 1326; x_wconf 84' lang='lat' dir='ltr'><strong>Tui,</strong></span> 
     </span>
     <span class='ocr_line' id='line_1_10' title="bbox 469 1332 2396 1442; baseline 0.001 -28"><span class='ocrx_word' id='word_1_52' title='bbox 469 1360 705 1442; x_wconf 87' lang='lat' dir='ltr'><strong>prout</strong></span> <span class='ocrx_word' id='word_1_53' title='bbox 731 1362 861 1442; x_wconf 89' lang='lat' dir='ltr'><strong>par</strong></span> <span class='ocrx_word' id='word_1_54' title='bbox 901 1338 1027 1434; x_wconf 88' lang='lat' dir='ltr'><strong>est,</strong></span> <span class='ocrx_word' id='word_1_55' title='bbox 1059 1340 1432 1414; x_wconf 85' lang='lat' dir='ltr'><strong>rationem</strong></span> <span class='ocrx_word' id='word_1_56' title='bbox 1470 1332 1686 1414; x_wconf 80' lang='lat' dir='ltr'><strong>fuisse</strong></span> <span class='ocrx_word' id='word_1_57' title='bbox 1708 1334 2078 1434; x_wconf 78' lang='lat' dir='ltr'><strong>habitam,</strong></span> <span class='ocrx_word' id='word_1_58' title='bbox 2114 1334 2242 1414; x_wconf 90' lang='lat' dir='ltr'><strong>sed</strong></span> <span class='ocrx_word' id='word_1_59' title='bbox 2258 1334 2396 1416; x_wconf 87' lang='lat' dir='ltr'><strong>ab·-</strong></span> 
     </span>
     <span class='ocr_line' id='line_1_11' title="bbox 467 1434 2394 1538; baseline -0.002 -19"><span class='ocrx_word' id='word_1_60' title='bbox 467 1440 665 1520; x_wconf 83' lang='lat' dir='ltr'><strong>senti</strong></span> <span class='ocrx_word' id='word_1_61' title='bbox 699 1438 895 1516; x_wconf 86' lang='lat' dir='ltr'><strong>mihi</strong></span> <span class='ocrx_word' id='word_1_62' title='bbox 931 1462 1005 1516; x_wconf 91' lang='lat' dir='ltr'><strong>et</strong></span> <span class='ocrx_word' id='word_1_63' title='bbox 1045 1438 1389 1518; x_wconf 65' lang='lat' dir='ltr'><strong>distratflo</strong></span> <span class='ocrx_word' id='word_1_64' title='bbox 1436 1436 1618 1538; x_wconf 87' lang='lat' dir='ltr'><strong>quid</strong></span> <span class='ocrx_word' id='word_1_65' title='bbox 1664 1434 1952 1516; x_wconf 68' lang='lat' dir='ltr'><strong>fastum</strong></span> <span class='ocrx_word' id='word_1_66' title='bbox 2000 1462 2156 1516; x_wconf 90' lang='lat' dir='ltr'><strong>non</strong></span> <span class='ocrx_word' id='word_1_67' title='bbox 2202 1464 2394 1518; x_wconf 85' lang='lat' dir='ltr'><strong>con-</strong></span> 
     </span>
     <span class='ocr_line' id='line_1_12' title="bbox 471 1538 2390 1644; baseline 0.002 -25"><span class='ocrx_word' id='word_1_68' title='bbox 471 1542 629 1620; x_wconf 82' lang='lat' dir='ltr'><strong>stat.</strong></span> <span class='ocrx_word' id='word_1_69' title='bbox 733 1546 931 1618; x_wconf 88' lang='lat' dir='ltr'><strong>Nam</strong></span> <span class='ocrx_word' id='word_1_70' title='bbox 963 1568 1087 1643; x_wconf 87' lang='lat' dir='ltr'><strong>me</strong></span> <span class='ocrx_word' id='word_1_71' title='bbox 1137 1544 1418 1644; x_wconf 83' lang='lat' dir='ltr'><strong>Regina</strong></span> <span class='ocrx_word' id='word_1_72' title='bbox 1460 1542 1591 1618; x_wconf 89' lang='lat' dir='ltr'><strong>hic</strong></span> <span class='ocrx_word' id='word_1_73' title='bbox 1638 1539 1926 1616; x_wconf 84' lang='lat' dir='ltr'><strong>detinet</strong></span> <span class='ocrx_word' id='word_1_74' title='bbox 1970 1538 2390 1642; x_wconf 85' lang='lat' dir='ltr'><strong>gratiofiffi-</strong></span> 
     </span>
     <span class='ocr_line' id='line_1_13' title="bbox 471 1642 2392 1750; baseline -0.001 -26"><span class='ocrx_word' id='word_1_75' title='bbox 471 1670 629 1740; x_wconf 82' lang='lat' dir='ltr'><strong>me,</strong></span> <span class='ocrx_word' id='word_1_76' title='bbox 663 1670 1013 1742; x_wconf 85' lang='lat' dir='ltr'><strong>cumqua</strong></span> <span class='ocrx_word' id='word_1_77' title='bbox 1047 1642 1270 1750; x_wconf 89' lang='lat' dir='ltr'><strong>spero</strong></span> <span class='ocrx_word' id='word_1_78' title='bbox 1308 1644 1634 1720; x_wconf 86' lang='lat' dir='ltr'><strong>domum</strong></span> <span class='ocrx_word' id='word_1_79' title='bbox 1664 1644 1970 1720; x_wconf 87' lang='lat' dir='ltr'><strong>reuerti.</strong></span> <span class='ocrx_word' id='word_1_80' title='bbox 2072 1650 2392 1724; x_wconf 80' lang='lat' dir='ltr'><strong>Annum</strong></span> 
     </span>
     <span class='ocr_line' id='line_1_14' title="bbox 469 1742 2485 1844; baseline 0.001 -20"><span class='ocrx_word' id='word_1_81' title='bbox 469 1750 867 1824; x_wconf 88' lang='lat' dir='ltr'><strong>ineuntem</strong></span> <span class='ocrx_word' id='word_1_82' title='bbox 907 1774 1085 1824; x_wconf 86' lang='lat' dir='ltr'><strong>cum</strong></span> <span class='ocrx_word' id='word_1_83' title='bbox 1119 1746 1380 1836; x_wconf 86' lang='lat' dir='ltr'><strong>multis</strong></span> <span class='ocrx_word' id='word_1_84' title='bbox 1414 1744 1842 1844; x_wconf 85' lang='lat' dir='ltr'><strong>sequuturis</strong></span> <span class='ocrx_word' id='word_1_85' title='bbox 1876 1742 2068 1820; x_wconf 87' lang='lat' dir='ltr'><strong>Tibi</strong></span> <span class='ocrx_word' id='word_1_86' title='bbox 2102 1746 2186 1820; x_wconf 89' lang='lat' dir='ltr'><strong>in</strong></span> <span class='ocrx_word' id='word_1_87' title='bbox 2220 1770 2392 1826; x_wconf 88' lang='lat' dir='ltr'><strong>rem</strong></span> <span class='ocrx_word' id='word_1_88' title='bbox 2480 1834 2485 1841; x_wconf 46' lang='grc'><strong>,</strong></span> 
     </span>
    </p>
   </div>
   <div class='ocr_carea' id='block_1_5' title="bbox 473 1844 2559 2058">
    <p class='ocr_par' dir='ltr' id='par_1_5' title="bbox 473 1844 2559 2058">
     <span class='ocr_line' id='line_1_15' title="bbox 473 1844 2559 1950; baseline -0.005 -19"><span class='ocrx_word' id='word_1_89' title='bbox 473 1856 777 1948; x_wconf 89' lang='lat' dir='ltr'><strong>Tuam,</strong></span> <span class='ocrx_word' id='word_1_90' title='bbox 811 1856 1179 1926; x_wconf 86' lang='lat' dir='ltr'><strong>Tuorum</strong></span> <span class='ocrx_word' id='word_1_91' title='bbox 1218 1870 1294 1924; x_wconf 93' lang='lat' dir='ltr'><strong>et</strong></span> <span class='ocrx_word' id='word_1_92' title='bbox 1324 1846 1702 1950; x_wconf 87' lang='lat' dir='ltr'><strong>publicam</strong></span> <span class='ocrx_word' id='word_1_93' title='bbox 1736 1844 2058 1926; x_wconf 87' lang='lat' dir='ltr'><strong>faustum</strong></span> <span class='ocrx_word' id='word_1_94' title='bbox 2102 1868 2178 1924; x_wconf 91' lang='lat' dir='ltr'><strong>et</strong></span> <span class='ocrx_word' id='word_1_95' title='bbox 2214 1844 2390 1924; x_wconf 87' lang='lat' dir='ltr'><strong>feli-</strong></span> <span class='ocrx_word' id='word_1_96' title='bbox 2512 1855 2523 1898; x_wconf 78' lang='grc' dir='ltr'><em>ῖ</em></span> <span class='ocrx_word' id='word_1_97' title='bbox 2558 1864 2559 1874; x_wconf 51' lang='lat'>¹</span> 
     </span>
     <span class='ocr_line' id='line_1_16' title="bbox 473 1948 2545 2058; baseline -0.001 -30"><span class='ocrx_word' id='word_1_98' title='bbox 473 1976 645 2030; x_wconf 86' lang='lat' dir='ltr'><strong>cern</strong></span> <span class='ocrx_word' id='word_1_99' title='bbox 681 1976 969 2056; x_wconf 84' lang='lat' dir='ltr'><strong>precor.</strong></span> <span class='ocrx_word' id='word_1_100' title='bbox 1019 1950 1197 2028; x_wconf 84' lang='lat' dir='ltr'><strong>Vale</strong></span> <span class='ocrx_word' id='word_1_101' title='bbox 1229 1972 1306 2028; x_wconf 88' lang='lat' dir='ltr'><strong>et</strong></span> <span class='ocrx_word' id='word_1_102' title='bbox 1330 1948 1522 2030; x_wconf 84' lang='lat' dir='ltr'><strong>saue.</strong></span> <span class='ocrx_word' id='word_1_103' title='bbox 1576 1948 1868 2030; x_wconf 83' lang='lat' dir='ltr'><strong>Dabam</strong></span> <span class='ocrx_word' id='word_1_104' title='bbox 1900 1948 2236 2030; x_wconf 87' lang='lat' dir='ltr'><strong>Berolini</strong></span> <span class='ocrx_word' id='word_1_105' title='bbox 2268 1972 2390 2052; x_wconf 82' lang='lat'><strong>27.</strong></span> <span class='ocrx_word' id='word_1_106' title='bbox 2468 2027 2469 2031; x_wconf 8' lang='grc' dir='ltr'><strong><em>Ν</em></strong></span> <span class='ocrx_word' id='word_1_107' title='bbox 2538 2050 2545 2058; x_wconf 17' lang='grc' dir='ltr'>ἱ</span> 
     </span>
    </p>
   </div>
   <div class='ocr_carea' id='block_1_6' title="bbox 471 2054 1105 2154">
    <p class='ocr_par' dir='ltr' id='par_1_6' title="bbox 471 2054 1105 2154">
     <span class='ocr_line' id='line_1_17' title="bbox 471 2054 1105 2154; baseline -0.011 -18"><span class='ocrx_word' id='word_1_108' title='bbox 471 2054 873 2136; x_wconf 90' lang='lat' dir='ltr'><strong>Decembr.</strong></span> <span class='ocrx_word' id='word_1_109' title='bbox 911 2076 1105 2154; x_wconf 82' lang='lat'><em>1701.</em></span> 
     </span>
    </p>
   </div>
   <div class='ocr_carea' id='block_1_7' title="bbox 855 2258 1974 2341">
    <p class='ocr_par' dir='ltr' id='par_1_7' title="bbox 855 2258 1974 2341">
     <span class='ocr_line' id='line_1_18' title="bbox 855 2258 1974 2341; baseline 0.003 -7"><span class='ocrx_word' id='word_1_110' title='bbox 855 2258 1694 2341; x_wconf 86' lang='lat' dir='ltr'><strong>EPISTOLA</strong></span> <span class='ocrx_word' id='word_1_111' title='bbox 1796 2260 1974 2339; x_wconf 92' lang='lat' dir='ltr'>LII.</span> 
     </span>
    </p>
   </div>
   <div class='ocr_carea' id='block_1_8' title="bbox 1155 2415 1704 2499">
    <p class='ocr_par' dir='ltr' id='par_1_8' title="bbox 1155 2415 1704 2499">
     <span class='ocr_line' id='line_1_19' title="bbox 1155 2415 1704 2499; baseline 0 -22"><span class='ocrx_word' id='word_1_112' title='bbox 1155 2417 1260 2477; x_wconf 73' lang='lat' dir='ltr'><strong>Rei</strong></span> <span class='ocrx_word' id='word_1_113' title='bbox 1290 2417 1486 2477; x_wconf 76' lang='lat' dir='ltr'><strong>irenici</strong></span> <span class='ocrx_word' id='word_1_114' title='bbox 1500 2415 1704 2499; x_wconf 74' lang='lat' dir='ltr'><strong>status.-</strong></span> 
     </span>
    </p>
   </div>
   <div class='ocr_carea' id='block_1_9' title="bbox 467 2545 2507 2961">
    <p class='ocr_par' dir='ltr' id='par_1_9' title="bbox 467 2545 2507 2961">
     <span class='ocr_line' id='line_1_20' title="bbox 471 2545 2507 2733; baseline 0 -107"><span class='ocrx_word' id='word_1_115' title='bbox 471 2549 711 2733; x_wconf 88' lang='lat' dir='ltr'><strong>Diu</strong></span> <span class='ocrx_word' id='word_1_116' title='bbox 745 2545 1001 2629; x_wconf 86' lang='lat' dir='ltr'><strong>absens</strong></span> <span class='ocrx_word' id='word_1_117' title='bbox 1033 2557 1524 2631; x_wconf 87' lang='lat' dir='ltr'><strong>Hanoueram</strong></span> <span class='ocrx_word' id='word_1_118' title='bbox 1556 2549 1862 2631; x_wconf 88' lang='lat' dir='ltr'><strong>tandem</strong></span> <span class='ocrx_word' id='word_1_119' title='bbox 1892 2577 2070 2629; x_wconf 90' lang='lat' dir='ltr'><strong>cum</strong></span> <span class='ocrx_word' id='word_1_120' title='bbox 2100 2551 2386 2651; x_wconf 81' lang='lat' dir='ltr'><strong>Regina</strong></span> <span class='ocrx_word' id='word_1_121' title='bbox 2496 2547 2507 2558; x_wconf 68' lang='grc'><strong>“</strong></span> 
     </span>
     <span class='ocr_line' id='line_1_21' title="bbox 655 2651 2384 2755; baseline -0.001 -26"><span class='ocrx_word' id='word_1_122' title='bbox 655 2653 865 2729; x_wconf 80' lang='lat' dir='ltr'><strong>redii.</strong></span> <span class='ocrx_word' id='word_1_123' title='bbox 969 2659 1161 2731; x_wconf 93' lang='lat' dir='ltr'><strong>Puto</strong></span> <span class='ocrx_word' id='word_1_124' title='bbox 1229 2679 1354 2731; x_wconf 89' lang='lat' dir='ltr'><strong>me</strong></span> <span class='ocrx_word' id='word_1_125' title='bbox 1422 2657 1610 2729; x_wconf 88' lang='lat' dir='ltr'><strong>Tuis</strong></span> <span class='ocrx_word' id='word_1_126' title='bbox 1664 2651 2026 2731; x_wconf 87' lang='lat' dir='ltr'><strong>omnibus</strong></span> <span class='ocrx_word' id='word_1_127' title='bbox 2076 2651 2384 2755; x_wconf 86' lang='lat' dir='ltr'><strong>respon-</strong></span> 
     </span>
     <span class='ocr_line' id='line_1_22' title="bbox 471 2753 2382 2853; baseline -0.001 -22"><span class='ocrx_word' id='word_1_128' title='bbox 471 2755 673 2833; x_wconf 86' lang='lat' dir='ltr'><strong>diffe.</strong></span> <span class='ocrx_word' id='word_1_129' title='bbox 781 2757 1181 2833; x_wconf 78' lang='lat' dir='ltr'><strong>Excutiam</strong></span> <span class='ocrx_word' id='word_1_130' title='bbox 1215 2779 1470 2833; x_wconf 89' lang='lat' dir='ltr'><strong>tamen</strong></span> <span class='ocrx_word' id='word_1_131' title='bbox 1508 2753 1845 2853; x_wconf 81' lang='lat' dir='ltr'><strong>schedas,</strong></span> <span class='ocrx_word' id='word_1_132' title='bbox 1874 2777 1958 2831; x_wconf 85' lang='lat' dir='ltr'><strong>vt</strong></span> <span class='ocrx_word' id='word_1_133' title='bbox 1976 2755 2270 2831; x_wconf 82' lang='lat' dir='ltr'><strong>videam</strong></span> <span class='ocrx_word' id='word_1_134' title='bbox 2288 2777 2382 2829; x_wconf 87' lang='lat' dir='ltr'><strong>an</strong></span> 
     </span>
     <span class='ocr_line' id='line_1_23' title="bbox 467 2855 2384 2961; baseline -0.002 -24"><span class='ocrx_word' id='word_1_135' title='bbox 467 2857 689 2937; x_wconf 85' lang='lat' dir='ltr'><strong>restet</strong></span> <span class='ocrx_word' id='word_1_136' title='bbox 739 2859 867 2935; x_wconf 90' lang='lat' dir='ltr'><strong>cui</strong></span> <span class='ocrx_word' id='word_1_137' title='bbox 931 2855 1368 2961; x_wconf 86' lang='lat' dir='ltr'><strong>responsum</strong></span> <span class='ocrx_word' id='word_1_138' title='bbox 1418 2855 1796 2935; x_wconf 89' lang='lat' dir='ltr'><strong>debeatur.</strong></span> <span class='ocrx_word' id='word_1_139' title='bbox 1900 2859 2018 2934; x_wconf 90' lang='lat' dir='ltr'><strong>De</strong></span> <span class='ocrx_word' id='word_1_140' title='bbox 2078 2855 2384 2933; x_wconf 87' lang='lat' dir='ltr'><strong>irenicis</strong></span> 
     </span>
    </p>
   </div>
   <div class='ocr_carea' id='block_1_10' title="bbox 381 2950 2384 3063">
    <p class='ocr_par' dir='ltr' id='par_1_10' title="bbox 381 2950 2384 3063">
     <span class='ocr_line' id='line_1_24' title="bbox 381 2950 2384 3063; baseline -0.003 -22"><span class='ocrx_word' id='word_1_141' title='bbox 381 2950 385 2959; x_wconf 51' lang='lat'>¹</span> <span class='ocrx_word' id='word_1_142' title='bbox 467 2957 805 3041; x_wconf 87' lang='lat' dir='ltr'><strong>multum</strong></span> <span class='ocrx_word' id='word_1_143' title='bbox 839 2979 913 3037; x_wconf 89' lang='lat' dir='ltr'><strong>et</strong></span> <span class='ocrx_word' id='word_1_144' title='bbox 945 2959 1157 3063; x_wconf 86' lang='lat' dir='ltr'><strong>saepe</strong></span> <span class='ocrx_word' id='word_1_145' title='bbox 1191 2959 1496 3063; x_wconf 90' lang='lat' dir='ltr'><strong>loquuti</strong></span> <span class='ocrx_word' id='word_1_146' title='bbox 1528 2957 1780 3037; x_wconf 82' lang='lat' dir='ltr'><strong>sumus</strong></span> <span class='ocrx_word' id='word_1_147' title='bbox 1830 2957 2202 3057; x_wconf 88' lang='lat' dir='ltr'><strong>Berolini,</strong></span> <span class='ocrx_word' id='word_1_148' title='bbox 2254 2955 2384 3035; x_wconf 81' lang='lat' dir='ltr'><strong>sed</strong></span> 
     </span>
    </p>
   </div>
   <div class='ocr_carea' id='block_1_11' title="bbox 465 3057 2485 3469">
    <p class='ocr_par' dir='ltr' id='par_1_11' title="bbox 465 3057 2485 3469">
     <span class='ocr_line' id='line_1_25' title="bbox 467 3057 2384 3165; baseline -0.003 -24"><span class='ocrx_word' id='word_1_149' title='bbox 467 3085 739 3141; x_wconf 86' lang='lat' dir='ltr'><strong>eorum</strong></span> <span class='ocrx_word' id='word_1_150' title='bbox 759 3121 781 3161; x_wconf 94' lang='lat'><strong>,</strong></span> <span class='ocrx_word' id='word_1_151' title='bbox 817 3063 907 3139; x_wconf 90' lang='lat' dir='ltr'><strong>ad</strong></span> <span class='ocrx_word' id='word_1_152' title='bbox 940 3087 1129 3161; x_wconf 87' lang='lat' dir='ltr'><strong>quos</strong></span> <span class='ocrx_word' id='word_1_153' title='bbox 1161 3089 1292 3141; x_wconf 89' lang='lat' dir='ltr'><strong>eae</strong></span> <span class='ocrx_word' id='word_1_154' title='bbox 1324 3087 1442 3139; x_wconf 86' lang='lat' dir='ltr'><strong>res</strong></span> <span class='ocrx_word' id='word_1_155' title='bbox 1478 3063 1898 3165; x_wconf 81' lang='lat' dir='ltr'><strong>pertinent,</strong></span> <span class='ocrx_word' id='word_1_156' title='bbox 1928 3063 2166 3139; x_wconf 89' lang='lat' dir='ltr'><strong>animi</strong></span> <span class='ocrx_word' id='word_1_157' title='bbox 2216 3057 2384 3137; x_wconf 89' lang='lat' dir='ltr'><strong>lon-</strong></span> 
     </span>
     <span class='ocr_line' id='line_1_26' title="bbox 467 3159 2485 3267; baseline -0 -26"><span class='ocrx_word' id='word_1_158' title='bbox 467 3189 565 3267; x_wconf 84' lang='lat' dir='ltr'><strong>ge</strong></span> <span class='ocrx_word' id='word_1_159' title='bbox 595 3163 757 3241; x_wconf 88' lang='lat' dir='ltr'><strong>aliis</strong></span> <span class='ocrx_word' id='word_1_160' title='bbox 789 3163 1298 3243; x_wconf 86' lang='lat' dir='ltr'><strong>distrahuntur</strong></span> <span class='ocrx_word' id='word_1_161' title='bbox 1318 3225 1340 3263; x_wconf 89' lang='lat'><strong>,</strong></span> <span class='ocrx_word' id='word_1_162' title='bbox 1372 3189 1512 3241; x_wconf 91' lang='lat' dir='ltr'><strong>nec</strong></span> <span class='ocrx_word' id='word_1_163' title='bbox 1532 3187 1782 3241; x_wconf 88' lang='lat' dir='ltr'><strong>tamen</strong></span> <span class='ocrx_word' id='word_1_164' title='bbox 1798 3165 2122 3241; x_wconf 88' lang='lat' dir='ltr'><strong>omnino</strong></span> <span class='ocrx_word' id='word_1_165' title='bbox 2140 3159 2384 3240; x_wconf 87' lang='lat' dir='ltr'><strong>deser-</strong></span> <span class='ocrx_word' id='word_1_166' title='bbox 2476 3237 2485 3251; x_wconf 81' lang='grc'><em>,</em></span> 
     </span>
     <span class='ocr_line' id='line_1_27' title="bbox 465 3261 2391 3375; baseline 0 -32"><span class='ocrx_word' id='word_1_167' title='bbox 465 3289 543 3343; x_wconf 89' lang='lat' dir='ltr'><strong>ta</strong></span> <span class='ocrx_word' id='word_1_168' title='bbox 583 3289 707 3343; x_wconf 89' lang='lat' dir='ltr'><strong>res</strong></span> <span class='ocrx_word' id='word_1_169' title='bbox 741 3265 1121 3375; x_wconf 80' lang='lat' dir='ltr'><strong>est,Rege</strong></span> <span class='ocrx_word' id='word_1_170' title='bbox 1155 3263 1320 3370; x_wconf 83' lang='lat' dir='ltr'><strong>ipso</strong></span> <span class='ocrx_word' id='word_1_171' title='bbox 1352 3265 1796 3342; x_wconf 88' lang='lat' dir='ltr'><strong>inclinatum</strong></span> <span class='ocrx_word' id='word_1_172' title='bbox 1846 3261 2002 3341; x_wconf 91' lang='lat' dir='ltr'><strong>huc</strong></span> <span class='ocrx_word' id='word_1_173' title='bbox 2046 3266 2391 3345; x_wconf 31' lang='lat' dir='ltr'><strong>animum*</strong></span> 
     </span>
     <span class='ocr_line' id='line_1_28' title="bbox 465 3365 2471 3469; baseline -0.003 -22"><span class='ocrx_word' id='word_1_174' title='bbox 465 3391 641 3469; x_wconf 85' lang='lat' dir='ltr'><strong>erga</strong></span> <span class='ocrx_word' id='word_1_175' title='bbox 693 3393 819 3446; x_wconf 85' lang='lat' dir='ltr'><strong>me</strong></span> <span class='ocrx_word' id='word_1_176' title='bbox 875 3367 1330 3447; x_wconf 83' lang='lat' dir='ltr'><strong>ostendente.</strong></span> <span class='ocrx_word' id='word_1_177' title='bbox 1450 3371 1646 3445; x_wconf 91' lang='lat' dir='ltr'><strong>Ecce</strong></span> <span class='ocrx_word' id='word_1_178' title='bbox 1698 3391 1888 3466; x_wconf 91' lang='lat' dir='ltr'><strong>quae</strong></span> <span class='ocrx_word' id='word_1_179' title='bbox 1932 3365 2024 3445; x_wconf 90' lang='lat' dir='ltr'><strong>ad</strong></span> <span class='ocrx_word' id='word_1_180' title='bbox 2070 3370 2186 3443; x_wconf 92' lang='lat' dir='ltr'><strong>Te</strong></span> <span class='ocrx_word' id='word_1_181' title='bbox 2232 3369 2378 3443; x_wconf 88' lang='lat' dir='ltr'><strong>Dn.</strong></span> <span class='ocrx_word' id='word_1_182' title='bbox 2466 3369 2471 3374; x_wconf 75' lang='grc'><em>’</em></span> 
     </span>
    </p>
   </div>
   <div class='ocr_carea' id='block_1_12' title="bbox 403 3465 2401 3555">
    <p class='ocr_par' dir='ltr' id='par_1_12' title="bbox 403 3465 2401 3555">
     <span class='ocr_line' id='line_1_29' title="bbox 403 3465 2401 3555; baseline 0 -7"><span class='ocrx_word' id='word_1_183' title='bbox 403 3490 406 3494; x_wconf 84' lang='grc'>’</span> <span class='ocrx_word' id='word_1_184' title='bbox 463 3473 499 3547; x_wconf 91' lang='lat'>1</span> <span class='ocrx_word' id='word_1_185' title='bbox 519 3497 565 3545; x_wconf 85' lang='lat' dir='ltr'>A</span> <span class='ocrx_word' id='word_1_186' title='bbox 585 3495 623 3545; x_wconf 84' lang='grc' dir='ltr'>Β</span> <span class='ocrx_word' id='word_1_187' title='bbox 649 3493 689 3545; x_wconf 87' lang='lat' dir='ltr'>L</span> <span class='ocrx_word' id='word_1_188' title='bbox 709 3495 759 3543; x_wconf 92' lang='lat' dir='ltr'>o</span> <span class='ocrx_word' id='word_1_189' title='bbox 779 3495 833 3545; x_wconf 81' lang='lat' dir='ltr'>N</span> <span class='ocrx_word' id='word_1_190' title='bbox 851 3495 883 3547; x_wconf 88' lang='lat' dir='ltr'><strong>s</strong></span> <span class='ocrx_word' id='word_1_191' title='bbox 899 3497 945 3545; x_wconf 75' lang='grc' dir='ltr'>Κ</span> <span class='ocrx_word' id='word_1_192' title='bbox 969 3497 999 3549; x_wconf 90' lang='lat'>1</span> <span class='ocrx_word' id='word_1_193' title='bbox 1021 3501 1069 3545; x_wconf 84' lang='lat' dir='ltr'>v</span> <span class='ocrx_word' id='word_1_194' title='bbox 1091 3497 1143 3547; x_wconf 87' lang='lat' dir='ltr'><strong>s.</strong></span> <span class='ocrx_word' id='word_1_195' title='bbox 1211 3469 1388 3550; x_wconf 84' lang='lat' dir='ltr'><strong>Vale</strong></span> <span class='ocrx_word' id='word_1_196' title='bbox 1424 3491 1500 3551; x_wconf 86' lang='lat' dir='ltr'><strong>et</strong></span> <span class='ocrx_word' id='word_1_197' title='bbox 1532 3465 1726 3553; x_wconf 76' lang='lat' dir='ltr'><strong>saue.</strong></span> <span class='ocrx_word' id='word_1_198' title='bbox 1792 3467 2076 3555; x_wconf 79' lang='lat' dir='ltr'><strong>Dabam</strong></span> <span class='ocrx_word' id='word_1_199' title='bbox 2118 3473 2401 3551; x_wconf 33' lang='lat' dir='ltr'><strong>Hane-*-</strong></span> 
     </span>
    </p>
   </div>
   <div class='ocr_carea' id='block_1_13' title="bbox 469 3571 2384 3845">
    <p class='ocr_par' dir='ltr' id='par_1_13' title="bbox 469 3571 2384 3845">
     <span class='ocr_line' id='line_1_30' title="bbox 469 3571 1272 3679; baseline 0.002 -26"><span class='ocrx_word' id='word_1_200' title='bbox 469 3572 695 3657; x_wconf 79' lang='lat' dir='ltr'><strong>uerae</strong></span> <span class='ocrx_word' id='word_1_201' title='bbox 725 3571 845 3657; x_wconf 82' lang='lat'><strong>26.</strong></span> <span class='ocrx_word' id='word_1_202' title='bbox 881 3577 1025 3659; x_wconf 84' lang='lat' dir='ltr'><strong>Ian·</strong></span> <span class='ocrx_word' id='word_1_203' title='bbox 1045 3593 1272 3679; x_wconf 45' lang='lat'>‚1702</span> 
     </span>
     <span class='ocr_line' id='line_1_31' title="bbox 1220 3731 2384 3845; baseline -0.002 -2"><span class='ocrx_word' id='word_1_204' title='bbox 1220 3731 1223 3733; x_wconf 73' lang='grc'><strong>’</strong></span> <span class='ocrx_word' id='word_1_205' title='bbox 2168 3765 2384 3845; x_wconf 75' lang='lat' dir='ltr'><strong>Em-</strong></span> 
     </span>
    </p>
   </div>
  </div>
 </body>
</html>
