2594 4255
465 274 629 358 294
679 258 771 334 G.
825 256 1572 338 G.-LEIBN1T11
1626 260 1772 340 ΕΡ.
1826 248 2302 384 chxxvl..

477 434 613 488 um
649 408 1041 496 librorum.
1145 414 1379 516 Saepe
1411 414 2424 520 cogitaui‚Encyclopaedi-‘

471 536 597 590 arn
629 510 828 610 quasi
861 512 1233 612 quandam
1265 516 1546 594 confici
1580 514 1784 618 poffe
1814 542 1910 596 ex
1940 523 2196 620 Poetis„
2228 578 2250 616 ‚
2322 542 2412 602 et
2491 570 2504 581 ·

471 610 865 716 plerasque
891 612 1275 716 scientias,
1307 638 1438 694 aut
1470 642 1672 696 certe
1706 620 2116 722 potiffimas
2134 636 2432 705 earum‘

471 736 719 816 partes
759 778 785 816 ,
855 714 1183 794 verfibus
1245 722 1572 822 egregiis
1628 716 2050 824 'explicatas
2110 722 2406 806 haberi.

471 818 577 896 Ea
629 814 723 894 de
775 840 857 896 re
903 816 1309 920 aliquando
1355 846 1395 900 a
1454 826 1578 902 Te
1624 848 1758 928 per
1792 826 2044 919 otium
2074 828 2408 930 cogitari

455 942 759 1024 optem.

569 1024 691 1100 III.
745 1026 1197 1102 Latinorum
1245 1028 1646 1104 Poetarum
1690 1024 2404 1115 bonorumnume-
2505 1120 2507 1125 ¹

427 1152 439 1172 ·
469 1146 601 1202 rus
633 1128 829 1202 mire
857 1126 1331 1204 contrahitur
1365 1126 1640 1230 hodie,
1676 1152 1752 1206 et
1782 1130 1860 1206 in
1908 1132 2398 1234 pauciffimos
2504 1205 2510 1210 .

467 1226 763 1304 recidit.
867 1230 1133 1306 Putem
1152 1230 1241 1308 ad
1259 1234 1381 1308 Te
1397 1230 1816 1334 peruenisse
1834 1254 2166 1332 carmen,
2181 1234 2402 1334 quod

467 1350 641 1426 ante
675 1352 913 1408 annos
951 1330 1239 1432 aliquot
1273 1340 1381 1410 W
1401 1360 1440 1408 E
1460 1360 1504 1408 R
1522 1358 1562 1408 L
1586 1358 1634 1408 o
1654 1360 1738 1410 ν]
1762 1360 1808 1406 v
1830 1360 1862 1410 s
1884 1338 2100 1412 ICtus
2118 1334 2400 1414 Helm·-

467 1426 847 1510 stadienfis.
875 1428 1183 1530 infignis
1215 1440 1295 1510 in
1335 1434 1718 1512 Guelficae
1754 1438 2116 1540 Principis
2128 1440 2400 1524 matri-

469 1536 825 1610 monium
861 1536 1363 1638 Hispanicum
1397 1538 1636 1616 edidit
1658 1538 1902 1638 ‚quod
1922 1560 2120 1624 certe
2138 1562 2388 1616 mere·
2504 1544 2511 1552 '

471 1632 603 1712 tur·
629 1634 699 1712 le
757 1638 803 1712 i.
855 1638 961 1712 PE
985 1664 1035 1714 T
1057 1664 1095 1712 E
1115 1668 1159 1714 n
1185 1666 1215 1714 e
1237 1664 1275 1714 E
1297 1668 1347 1714 N
1365 1668 1389 1714 ι
1409 1668 1454 1716 v
1474 1666 1504 1714 s
1526 1642 1756 1718 etiam
1772 1638 2212 1742 Theologus
2228 1662 2390 1720 car-

469 1740 683 1814 mine
731 1740 943 1816 atino
957 1738 1172 1818 valet.
1279 1742 1514 1848 Qod
1532 1742 1886 1844 superest,
1900 1740 2058 1822 vale
2092 1766 2168 1822 et
2196 1738 2398 1822 saue.

467 1836 763 1920 Dabam
799 1840 1253 1944 Guelfebyti.
1291 1870 1355 1924 2.
1391 1846 1590 1924 Iunii
1624 1868 1808 1946 1710.
2119 1864 2128 1870 “

721 2048 783 2127 E
831 2050 889 2127 P
935 2052 967 2127 1
1021 2052 1071 2127 s
1121 2055 1205 2127 T
1251 2050 1331 2129 o
1379 2055 1446 2129 L
1502 2057 1570 2129 A
1672 2052 2136 2147 chxva

1139 2205 1233 2265 De
1269 2203 1540 2265 Gaditanis
1568 2207 1726 2269 MSc.

469 2333 803 2509 Paucis
873 2331 1263 2415 tabellario
1329 2335 1788 2417 abituriente
1840 2341 2180 2443 significo
2230 2367 2394 2421 rem

593 2433 1031 2517 transadiam
1049 2439 1219 2537 effe,
1251 2465 1325 2517 et
1347 2443 1796 2521 Sereniffim.
1824 2447 2126 2527 Ducem
2152 2449 2392 2521 Brun-

469 2535 933 2627 suieensem,
963 2567 1107 2641 qua
1141 2543 1243 2619 est
1275 2545 1355 2619 in
1390 2543 1624 2623 bonas
1660 2545 1938 2623 litteras
1958 2543 2392 2651 propensio-

471 2665 613 2739 ne,
649 2643 729 2717 in
759 2643 1133 2721 mandatis
1165 2643 1486 2745 dedisse,
1518 2671 1598 2723 vt
1632 2651 1954 2751 pecunia
1990 2649 2384 2727 constituta

469 2741 795 2821 tradenti
825 2745 1327 2847 manuscripta
1349 2749 1716 2849 Gaditana,
1736 2749 1826 2829 ad
1856 2751 2126 2829 indicis
2228 2771 2390 2823 rae-

471 2841 843 2947 scriptum
893 2909 917 2943 ‚
983 2845 1436 2929 exsoluat-ur.
1556 2851 1978 2931 Conferens
2056 2855 2133 2929 in
2190 2853 2394 2931 icem
2488 2869 2501 2873 “

337 2980 343 2993 ·
467 2947 959 3051 posteriorem
981 3011 1003 3047 ,
1033 2949 1347 3051 pristino
1367 2949 1880 3033 Bibliothecae
1908 2957 2244 3059 integrae
2276 2977 2406 3031 caa·

471 3047 813 3149 talogum
867 3050 1159 3127 editum
1211 3051 1608 3135 claudente
1640 3117 1664 3155 ‚
1714 3057 1978 3157 passim
2026 3055 2392 3159 quaedam
2460 3149 2462 3151 ,

471 3149 713 3231 deeffe
747 3151 1013 3251 video,
1049 3177 1239 3259 quae
1275 3181 1430 3233 non
1466 3181 1656 3259 puto
1694 3159 2216 3261 dist1·ac³ta‚sed
2236 3181 2392 3237 tan-

471 3273 639 3329 tum
675 3253 1297 3361 disieilameque
1327 3259 1582 3359 enim,
1636 3257 1772 3337 nifi
1822 3287 2016 3361 quae
2060 3265 2142 3339 in
2194 3259 2396 3339 calce

469 3349 683 3449 sunt,
719 3355 959 3435 hastae
991 3353 1325 3436 subiesta
1357 3357 1596 3437 fuere.
1702 3365 1804 3441 Ea
1838 3385 2222 3469 repertum
2266 3361 2392 3459 iri,

413 3453 423 3463 “
471 3455 747 3553 credo,
781 3459 989 3557 quod
1023 3455 1073 3537 fi
1105 3483 1359 3537 tamen
1395 3463 1764 3543 constaret
1806 3467 2116 3545 alienata
2148 3457 2392 3560 fuisse,

333 3602 347 3643 ι,
473 3555 901 3639 contrata-us
921 3563 1462 3641 executionem
1482 3591 1640 3645 non
1656 3563 2392 3655 morabuntur3idem

469 3661 615 3759 est,
649 3657 699 3743 fi
729 3659 921 3741 bona
969 3663 1119 3741 fide
1151 3661 1468 3765 quaefita
1522 3673 1838 3775 reperiri
1884 3693 2040 3749 non
2098 3665 2392 3847 pogmt.

2258 3793 2390 3847 on-
