<?xml version="1.0" encoding="UTF-8"?>
<!DOCTYPE html PUBLIC "-//W3C//DTD XHTML 1.0 Transitional//EN"
    "http://www.w3.org/TR/xhtml1/DTD/xhtml1-transitional.dtd">
<html xmlns="http://www.w3.org/1999/xhtml" xml:lang="en" lang="en">
 <head>
  <title>
</title>
<meta http-equiv="Content-Type" content="text/html;charset=utf-8" />
  <meta name='ocr-system' content='tesseract 3.04.00' />
  <meta name='ocr-capabilities' content='ocr_page ocr_carea ocr_par ocr_line ocrx_word'/>
</head>
<body>
  <div class='ocr_page' id='page_1' title='image "./viriillvstratis00vongoog_0203.png"; bbox 0 0 2594 4255; ppageno 0'>
   <div class='ocr_carea' id='block_1_1' title="bbox 129 209 2324 1205">
    <p class='ocr_par' dir='ltr' id='par_1_1' title="bbox 129 209 2324 1205">
     <span class='ocr_line' id='line_1_1' title="bbox 129 209 2324 324; baseline 0.005 -37"><span class='ocrx_word' id='word_1_1' title='bbox 129 285 133 287; x_wconf 74' lang='grc'>,</span> <span class='ocrx_word' id='word_1_2' title='bbox 311 218 477 303; x_wconf 88' lang='lat' dir='ltr'>AD</span> <span class='ocrx_word' id='word_1_3' title='bbox 525 213 829 323; x_wconf 74' lang='lat' dir='ltr'><strong>HENR.</strong></span> <span class='ocrx_word' id='word_1_4' title='bbox 877 212 1106 295; x_wconf 84' lang='lat' dir='ltr'><strong>ERN.</strong></span> <span class='ocrx_word' id='word_1_5' title='bbox 1155 209 1929 314; x_wconf 86' lang='lat' dir='ltr'><strong>KESTNERVM.</strong></span> <span class='ocrx_word' id='word_1_6' title='bbox 2001 215 2151 322; x_wconf 77' lang='lat'>169</span> <span class='ocrx_word' id='word_1_7' title='bbox 2314 315 2324 324; x_wconf 37' lang='lat'><em>,</em></span> 
     </span>
     <span class='ocr_line' id='line_1_2' title="bbox 178 367 2196 484; baseline -0.004 -26"><span class='ocrx_word' id='word_1_8' title='bbox 178 372 619 484; x_wconf 80' lang='lat' dir='ltr'>&#39;prudentia</span> <span class='ocrx_word' id='word_1_9' title='bbox 651 394 727 451; x_wconf 89' lang='lat' dir='ltr'>et</span> <span class='ocrx_word' id='word_1_10' title='bbox 758 367 1285 453; x_wconf 87' lang='lat' dir='ltr'>decennalium</span> <span class='ocrx_word' id='word_1_11' title='bbox 1318 370 1399 446; x_wconf 93' lang='lat' dir='ltr'>in</span> <span class='ocrx_word' id='word_1_12' title='bbox 1429 372 1599 448; x_wconf 89' lang='lat' dir='ltr'>iure</span> <span class='ocrx_word' id='word_1_13' title='bbox 1650 367 2006 450; x_wconf 87' lang='lat' dir='ltr'>laborum</span> <span class='ocrx_word' id='word_1_14' title='bbox 2033 373 2156 468; x_wconf 81' lang='lat' dir='ltr'>in-</span> <span class='ocrx_word' id='word_1_15' title='bbox 2183 395 2196 458; x_wconf 73' lang='lat' dir='ltr'><em>j</em></span> 
     </span>
     <span class='ocr_line' id='line_1_3' title="bbox 192 465 2218 579; baseline -0.005 -20"><span class='ocrx_word' id='word_1_16' title='bbox 192 480 482 559; x_wconf 80' lang='lat' dir='ltr'>&#39;dicem</span> <span class='ocrx_word' id='word_1_17' title='bbox 518 474 895 572; x_wconf 73' lang='lat' dir='ltr'>adiecisti›‚</span> <span class='ocrx_word' id='word_1_18' title='bbox 928 497 1026 551; x_wconf 87' lang='lat' dir='ltr'>ex</span> <span class='ocrx_word' id='word_1_19' title='bbox 1057 497 1215 573; x_wconf 90' lang='lat' dir='ltr'>quo</span> <span class='ocrx_word' id='word_1_20' title='bbox 1248 465 1597 574; x_wconf 84' lang='lat' dir='ltr'>intelligo</span> <span class='ocrx_word' id='word_1_21' title='bbox 1626 498 1859 573; x_wconf 88' lang='lat' dir='ltr'>quam</span> <span class='ocrx_word' id='word_1_22' title='bbox 1875 498 2154 579; x_wconf 84' lang='lat' dir='ltr'>paucu·</span> <span class='ocrx_word' id='word_1_23' title='bbox 2212 533 2218 545; x_wconf 74' lang='grc'><em>,</em></span> 
     </span>
     <span class='ocr_line' id='line_1_4' title="bbox 202 576 2155 680; baseline -0.003 -18"><span class='ocrx_word' id='word_1_24' title='bbox 202 577 285 662; x_wconf 85' lang='lat' dir='ltr'>la</span> <span class='ocrx_word' id='word_1_25' title='bbox 339 581 707 660; x_wconf 86' lang='lat' dir='ltr'>Tuorum</span> <span class='ocrx_word' id='word_1_26' title='bbox 763 576 857 655; x_wconf 86' lang='lat' dir='ltr'>ad</span> <span class='ocrx_word' id='word_1_27' title='bbox 903 600 1029 654; x_wconf 89' lang='lat' dir='ltr'>me</span> <span class='ocrx_word' id='word_1_28' title='bbox 1078 576 1568 680; x_wconf 80' lang='lat' dir='ltr'>peruenerint</span> <span class='ocrx_word' id='word_1_29' title='bbox 1659 599 1846 674; x_wconf 83' lang='lat' dir='ltr'>quae</span> <span class='ocrx_word' id='word_1_30' title='bbox 1895 598 2155 670; x_wconf 81' lang='lat' dir='ltr'>tamen</span> 
     </span>
     <span class='ocr_line' id='line_1_5' title="bbox 202 634 2158 786; baseline -0.004 -21"><span class='ocrx_word' id='word_1_31' title='bbox 202 683 520 786; x_wconf 83' lang='lat' dir='ltr'>semper</span> <span class='ocrx_word' id='word_1_32' title='bbox 553 707 737 759; x_wconf 89' lang='lat' dir='ltr'>cum</span> <span class='ocrx_word' id='word_1_33' title='bbox 769 674 1029 757; x_wconf 69' lang='lat' dir='ltr'>frud&#39;tu</span> <span class='ocrx_word' id='word_1_34' title='bbox 1064 698 1142 755; x_wconf 89' lang='lat' dir='ltr'>et</span> <span class='ocrx_word' id='word_1_35' title='bbox 1175 675 1566 780; x_wconf 89' lang='lat' dir='ltr'>voluptate</span> <span class='ocrx_word' id='word_1_36' title='bbox 1581 634 1751 777; x_wconf 69' lang='lat' dir='ltr'>iegi.</span> <span class='ocrx_word' id='word_1_37' title='bbox 1851 678 2158 758; x_wconf 81' lang='lat' dir='ltr'>lusum-</span> 
     </span>
     <span class='ocr_line' id='line_1_6' title="bbox 170 772 2159 882; baseline -0.014 -10"><span class='ocrx_word' id='word_1_38' title='bbox 170 835 175 836; x_wconf 31' lang='lat'><em>*</em></span> <span class='ocrx_word' id='word_1_39' title='bbox 205 812 348 871; x_wconf 85' lang='lat' dir='ltr'>ma</span> <span class='ocrx_word' id='word_1_40' title='bbox 376 805 631 864; x_wconf 88' lang='lat' dir='ltr'>autem</span> <span class='ocrx_word' id='word_1_41' title='bbox 668 785 978 860; x_wconf 80' lang='lat' dir='ltr'><strong>Tecum</strong></span> <span class='ocrx_word' id='word_1_42' title='bbox 999 778 1245 857; x_wconf 86' lang='lat' dir='ltr'>sentio</span> <span class='ocrx_word' id='word_1_43' title='bbox 1263 806 1287 870; x_wconf 83' lang='lat'>3</span> <span class='ocrx_word' id='word_1_44' title='bbox 1306 772 1977 882; x_wconf 62' lang='lat' dir='ltr'>senfiquesemper‚</span> <span class='ocrx_word' id='word_1_45' title='bbox 1992 805 2159 860; x_wconf 79' lang='lat' dir='ltr'>ma..</span> 
     </span>
     <span class='ocr_line' id='line_1_7' title="bbox 206 873 2160 993; baseline -0.002 -27"><span class='ocrx_word' id='word_1_46' title='bbox 206 912 370 993; x_wconf 88' lang='lat' dir='ltr'>gna</span> <span class='ocrx_word' id='word_1_47' title='bbox 406 881 1078 991; x_wconf 81' lang='lat' dir='ltr'>iurisprudentiam‘</span> <span class='ocrx_word' id='word_1_48' title='bbox 1113 880 1444 960; x_wconf 88' lang='lat' dir='ltr'>nostram</span> <span class='ocrx_word' id='word_1_49' title='bbox 1476 873 2019 968; x_wconf 83' lang='lat' dir='ltr'>reformatione</span> <span class='ocrx_word' id='word_1_50' title='bbox 2035 887 2160 970; x_wconf 83' lang='lat' dir='ltr'>in·</span> 
     </span>
     <span class='ocr_line' id='line_1_8' title="bbox 210 983 2158 1110; baseline -0.003 -40"><span class='ocrx_word' id='word_1_51' title='bbox 210 992 511 1110; x_wconf 76' lang='lat' dir='ltr'>digere.</span> <span class='ocrx_word' id='word_1_52' title='bbox 617 987 1086 1097; x_wconf 82' lang='lat' dir='ltr'>Quum-iure</span> <span class='ocrx_word' id='word_1_53' title='bbox 1116 983 1337 1090; x_wconf 80' lang='lat' dir='ltr'>saepe</span> <span class='ocrx_word' id='word_1_54' title='bbox 1387 985 1731 1082; x_wconf 89' lang='lat' dir='ltr'>incerto,</span> <span class='ocrx_word' id='word_1_55' title='bbox 1780 1006 1939 1061; x_wconf 92' lang='lat' dir='ltr'>non</span> <span class='ocrx_word' id='word_1_56' title='bbox 1987 1007 2158 1065; x_wconf 87' lang='lat' dir='ltr'>raro</span> 
     </span>
     <span class='ocr_line' id='line_1_9' title="bbox 208 1089 2160 1205; baseline -0.004 -32"><span class='ocrx_word' id='word_1_57' title='bbox 208 1089 463 1173; x_wconf 78' lang='lat' dir='ltr'>enam</span> <span class='ocrx_word' id='word_1_58' title='bbox 517 1089 790 1191; x_wconf 87' lang='lat' dir='ltr'>iniquo</span> <span class='ocrx_word' id='word_1_59' title='bbox 850 1098 1171 1167; x_wconf 80' lang='lat' dir='ltr'>vtamur.</span> <span class='ocrx_word' id='word_1_60' title='bbox 1273 1090 1524 1205; x_wconf 76' lang='lat' dir='ltr'>Leges</span> <span class='ocrx_word' id='word_1_61' title='bbox 1581 1089 2011 1184; x_wconf 79' lang='lat' dir='ltr'>Romanae,</span> <span class='ocrx_word' id='word_1_62' title='bbox 2060 1112 2160 1166; x_wconf 84' lang='lat' dir='ltr'>ne</span> 
     </span>
    </p>
   </div>
   <div class='ocr_carea' id='block_1_2' title="bbox 208 1183 2242 1393">
    <p class='ocr_par' dir='ltr' id='par_1_2' title="bbox 208 1183 2242 1393">
     <span class='ocr_line' id='line_1_10' title="bbox 211 1183 2242 1307; baseline -0.004 -33"><span class='ocrx_word' id='word_1_63' title='bbox 211 1193 415 1297; x_wconf 88' lang='lat' dir='ltr'>quid</span> <span class='ocrx_word' id='word_1_64' title='bbox 448 1196 601 1272; x_wconf 87' lang='lat' dir='ltr'>iam</span> <span class='ocrx_word' id='word_1_65' title='bbox 629 1192 882 1270; x_wconf 84' lang='lat' dir='ltr'>dicam</span> <span class='ocrx_word' id='word_1_66' title='bbox 911 1189 1007 1268; x_wconf 92' lang='lat' dir='ltr'>de</span> <span class='ocrx_word' id='word_1_67' title='bbox 1038 1195 1473 1288; x_wconf 79' lang='lat' dir='ltr'>canonicls‚</span> <span class='ocrx_word' id='word_1_68' title='bbox 1504 1210 1650 1307; x_wconf 76' lang='lat' dir='ltr'>pro</span> <span class='ocrx_word' id='word_1_69' title='bbox 1680 1183 1827 1269; x_wconf 77' lang='lat' dir='ltr'>bafi</span> <span class='ocrx_word' id='word_1_70' title='bbox 1875 1184 2161 1267; x_wconf 84' lang='lat' dir='ltr'>haben·</span> <span class='ocrx_word' id='word_1_71' title='bbox 2239 1237 2242 1246; x_wconf 85' lang='lat'>·</span> 
     </span>
     <span class='ocr_line' id='line_1_11' title="bbox 208 1289 2165 1393; baseline -0.004 -16"><span class='ocrx_word' id='word_1_72' title='bbox 208 1320 352 1377; x_wconf 86' lang='lat' dir='ltr'>tur</span> <span class='ocrx_word' id='word_1_73' title='bbox 368 1299 556 1374; x_wconf 86' lang='lat' dir='ltr'>iuris</span> <span class='ocrx_word' id='word_1_74' title='bbox 571 1292 830 1392; x_wconf 84' lang='lat' dir='ltr'>nostri,</span> <span class='ocrx_word' id='word_1_75' title='bbox 848 1292 1124 1392; x_wconf 87' lang='lat' dir='ltr'>quibus</span> <span class='ocrx_word' id='word_1_76' title='bbox 1141 1290 1480 1377; x_wconf 83' lang='lat' dir='ltr'>standum</span> <span class='ocrx_word' id='word_1_77' title='bbox 1498 1289 1753 1393; x_wconf 15' lang='lat' dir='ltr'>11t‚1vbi</span> <span class='ocrx_word' id='word_1_78' title='bbox 1772 1289 1977 1371; x_wconf 83' lang='lat' dir='ltr'>aliud</span> <span class='ocrx_word' id='word_1_79' title='bbox 2026 1289 2165 1370; x_wconf 83' lang='lat' dir='ltr'>vsu</span> 
     </span>
    </p>
   </div>
   <div class='ocr_carea' id='block_1_3' title="bbox 214 1390 2352 1495">
    <p class='ocr_par' dir='ltr' id='par_1_3' title="bbox 214 1390 2352 1495">
     <span class='ocr_line' id='line_1_12' title="bbox 214 1390 2352 1495; baseline -0.006 -19"><span class='ocrx_word' id='word_1_80' title='bbox 214 1394 760 1490; x_wconf 71' lang='lat' dir='ltr'>introdustum</span> <span class='ocrx_word' id='word_1_81' title='bbox 795 1393 1109 1480; x_wconf 62' lang='lat' dir='ltr'>nonest.</span> <span class='ocrx_word' id='word_1_82' title='bbox 1211 1393 1357 1473; x_wconf 86' lang='lat' dir='ltr'>Sed</span> <span class='ocrx_word' id='word_1_83' title='bbox 1391 1407 1623 1495; x_wconf 82' lang='lat' dir='ltr'>qu&#39;am</span> <span class='ocrx_word' id='word_1_84' title='bbox 1655 1390 1895 1474; x_wconf 85' lang='lat' dir='ltr'>multa</span> <span class='ocrx_word' id='word_1_85' title='bbox 1943 1398 2029 1472; x_wconf 90' lang='lat' dir='ltr'>in</span> <span class='ocrx_word' id='word_1_86' title='bbox 2063 1416 2166 1470; x_wconf 84' lang='lat' dir='ltr'>eo</span> <span class='ocrx_word' id='word_1_87' title='bbox 2263 1427 2287 1463; x_wconf 55' lang='grc' dir='ltr'>ι.</span> <span class='ocrx_word' id='word_1_88' title='bbox 2343 1421 2352 1428; x_wconf 90' lang='grc'>·</span> 
     </span>
    </p>
   </div>
   <div class='ocr_carea' id='block_1_4' title="bbox 152 1490 2292 2933">
    <p class='ocr_par' dir='ltr' id='par_1_4' title="bbox 212 1490 2292 2112">
     <span class='ocr_line' id='line_1_13' title="bbox 215 1490 2165 1601; baseline -0.003 -22"><span class='ocrx_word' id='word_1_89' title='bbox 215 1499 590 1597; x_wconf 83' lang='lat' dir='ltr'>obscura,</span> <span class='ocrx_word' id='word_1_90' title='bbox 617 1493 975 1600; x_wconf 88' lang='lat' dir='ltr'>perplexa</span> <span class='ocrx_word' id='word_1_91' title='bbox 1006 1494 1455 1597; x_wconf 89' lang='lat' dir='ltr'>inutiliaque</span> <span class='ocrx_word' id='word_1_92' title='bbox 1501 1494 1682 1597; x_wconf 87' lang='lat' dir='ltr'>fint,</span> <span class='ocrx_word' id='word_1_93' title='bbox 1728 1503 1956 1598; x_wconf 81' lang='lat' dir='ltr'>q‘uam</span> <span class='ocrx_word' id='word_1_94' title='bbox 2004 1490 2165 1601; x_wconf 82' lang='lat' dir='ltr'>ipsa</span> 
     </span>
     <span class='ocr_line' id='line_1_14' title="bbox 212 1594 2231 1701; baseline -0.002 -20"><span class='ocrx_word' id='word_1_95' title='bbox 212 1601 356 1682; x_wconf 86' lang='lat' dir='ltr'>sua</span> <span class='ocrx_word' id='word_1_96' title='bbox 400 1596 924 1701; x_wconf 79' lang='lat' dir='ltr'>magnitudine</span> <span class='ocrx_word' id='word_1_97' title='bbox 969 1595 1262 1677; x_wconf 86' lang='lat' dir='ltr'>laboret</span> <span class='ocrx_word' id='word_1_98' title='bbox 1300 1659 1323 1697; x_wconf 87' lang='lat'>,</span> <span class='ocrx_word' id='word_1_99' title='bbox 1370 1621 1605 1678; x_wconf 90' lang='lat' dir='ltr'>nemo</span> <span class='ocrx_word' id='word_1_100' title='bbox 1653 1600 1915 1677; x_wconf 87' lang='lat' dir='ltr'>nescit.</span> <span class='ocrx_word' id='word_1_101' title='bbox 2013 1594 2166 1678; x_wconf 90' lang='lat' dir='ltr'>Sed</span> <span class='ocrx_word' id='word_1_102' title='bbox 2224 1635 2231 1643; x_wconf 88' lang='lat'><strong>·</strong></span> 
     </span>
     <span class='ocr_line' id='line_1_15' title="bbox 218 1696 2165 1805; baseline 0 -27"><span class='ocrx_word' id='word_1_103' title='bbox 218 1698 624 1805; x_wconf 78' lang='lat' dir='ltr'>difficilius</span> <span class='ocrx_word' id='word_1_104' title='bbox 656 1699 905 1780; x_wconf 90' lang='lat' dir='ltr'>adhuc</span> <span class='ocrx_word' id='word_1_105' title='bbox 942 1698 1047 1777; x_wconf 90' lang='lat' dir='ltr'>est</span> <span class='ocrx_word' id='word_1_106' title='bbox 1073 1760 1097 1799; x_wconf 90' lang='lat'>‚</span> <span class='ocrx_word' id='word_1_107' title='bbox 1130 1697 1453 1779; x_wconf 89' lang='lat' dir='ltr'>definire</span> <span class='ocrx_word' id='word_1_108' title='bbox 1477 1762 1500 1799; x_wconf 87' lang='lat'>‚</span> <span class='ocrx_word' id='word_1_109' title='bbox 1534 1698 1723 1802; x_wconf 88' lang='lat' dir='ltr'>quid</span> <span class='ocrx_word' id='word_1_110' title='bbox 1757 1696 2165 1779; x_wconf 83' lang='lat' dir='ltr'>eiusabro-</span> 
     </span>
     <span class='ocr_line' id='line_1_16' title="bbox 212 1798 2292 1910; baseline 0.001 -30"><span class='ocrx_word' id='word_1_111' title='bbox 212 1822 489 1910; x_wconf 79' lang='lat' dir='ltr'>garum</span> <span class='ocrx_word' id='word_1_112' title='bbox 517 1798 627 1901; x_wconf 85' lang='lat' dir='ltr'>fit,</span> <span class='ocrx_word' id='word_1_113' title='bbox 643 1800 767 1879; x_wconf 86' lang='lat' dir='ltr'>vel</span> <span class='ocrx_word' id='word_1_114' title='bbox 782 1803 1219 1906; x_wconf 81' lang='lat' dir='ltr'>potiusnon</span> <span class='ocrx_word' id='word_1_115' title='bbox 1234 1801 1633 1904; x_wconf 84' lang='lat' dir='ltr'>admissum</span> <span class='ocrx_word' id='word_1_116' title='bbox 1658 1801 1687 1882; x_wconf 87' lang='lat'>?</span> <span class='ocrx_word' id='word_1_117' title='bbox 1788 1800 2171 1904; x_wconf 86' lang='lat' dir='ltr'>Equidem.</span> <span class='ocrx_word' id='word_1_118' title='bbox 2249 1893 2252 1900; x_wconf 10' lang='grc' dir='ltr'>ἱ</span> <span class='ocrx_word' id='word_1_119' title='bbox 2283 1843 2292 1850; x_wconf 74' lang='lat'><em>,</em></span> 
     </span>
     <span class='ocr_line' id='line_1_17' title="bbox 219 1901 2276 2010; baseline -0.002 -22"><span class='ocrx_word' id='word_1_120' title='bbox 219 1925 515 1988; x_wconf 86' lang='lat' dir='ltr'>mutata</span> <span class='ocrx_word' id='word_1_121' title='bbox 545 1907 851 2007; x_wconf 87' lang='lat' dir='ltr'>penitus</span> <span class='ocrx_word' id='word_1_122' title='bbox 883 1901 1304 2010; x_wconf 88' lang='lat' dir='ltr'>Republica</span> <span class='ocrx_word' id='word_1_123' title='bbox 1337 1903 1878 2006; x_wconf 82' lang='lat' dir='ltr'>moribusque3</span> <span class='ocrx_word' id='word_1_124' title='bbox 1912 1903 2003 1985; x_wconf 86' lang='lat' dir='ltr'>ad</span> <span class='ocrx_word' id='word_1_125' title='bbox 2039 1919 2206 1984; x_wconf 68' lang='lat' dir='ltr'>ve-‘&#39;</span> <span class='ocrx_word' id='word_1_126' title='bbox 2272 1925 2276 1932; x_wconf 72' lang='grc'><strong>“</strong></span> 
     </span>
     <span class='ocr_line' id='line_1_18' title="bbox 219 2003 2166 2112; baseline -0.001 -25"><span class='ocrx_word' id='word_1_127' title='bbox 219 2028 430 2088; x_wconf 85' lang='lat' dir='ltr'>teres</span> <span class='ocrx_word' id='word_1_128' title='bbox 464 2009 1086 2086; x_wconf 89' lang='lat' dir='ltr'>Germanicarum</span> <span class='ocrx_word' id='word_1_129' title='bbox 1121 2010 1474 2110; x_wconf 87' lang='lat' dir='ltr'>gentium</span> <span class='ocrx_word' id='word_1_130' title='bbox 1508 2011 1755 2112; x_wconf 79' lang='lat' dir='ltr'>Leges</span> <span class='ocrx_word' id='word_1_131' title='bbox 1785 2003 2063 2108; x_wconf 82' lang='lat' dir='ltr'>redire,</span> <span class='ocrx_word' id='word_1_132' title='bbox 2082 2009 2166 2085; x_wconf 86' lang='lat' dir='ltr'>in</span> 
     </span>
    </p>

    <p class='ocr_par' dir='ltr' id='par_1_5' title="bbox 280 2106 2166 2212">
     <span class='ocr_line' id='line_1_19' title="bbox 280 2106 2166 2212; baseline 0 -22"><span class='ocrx_word' id='word_1_133' title='bbox 280 2108 508 2190; x_wconf 89' lang='lat' dir='ltr'>uibus</span> <span class='ocrx_word' id='word_1_134' title='bbox 541 2106 781 2190; x_wconf 88' lang='lat' dir='ltr'>multa</span> <span class='ocrx_word' id='word_1_135' title='bbox 815 2106 1234 2189; x_wconf 82' lang='lat' dir='ltr'>admodum</span> <span class='ocrx_word' id='word_1_136' title='bbox 1250 2108 1424 2190; x_wconf 89' lang='lat' dir='ltr'>sunt</span> <span class='ocrx_word' id='word_1_137' title='bbox 1440 2109 1812 2192; x_wconf 86' lang='lat' dir='ltr'>barbariei</span> <span class='ocrx_word' id='word_1_138' title='bbox 1828 2108 2166 2212; x_wconf 68' lang='lat' dir='ltr'>{festigia‚</span> 
     </span>
    </p>

    <p class='ocr_par' dir='ltr' id='par_1_6' title="bbox 152 2210 2260 2933">
     <span class='ocr_line' id='line_1_20' title="bbox 259 2210 2194 2316; baseline 0.001 -23"><span class='ocrx_word' id='word_1_139' title='bbox 259 2217 462 2293; x_wconf 86' lang='lat' dir='ltr'>uerit</span> <span class='ocrx_word' id='word_1_140' title='bbox 490 2217 806 2293; x_wconf 86' lang='lat' dir='ltr'>inuenta</span> <span class='ocrx_word' id='word_1_141' title='bbox 849 2210 1071 2314; x_wconf 86' lang='lat' dir='ltr'>fruge</span> <span class='ocrx_word' id='word_1_142' title='bbox 1125 2212 1525 2316; x_wconf 85' lang='lat' dir='ltr'>glandibus</span> <span class='ocrx_word' id='word_1_143' title='bbox 1557 2213 1797 2296; x_wconf 76' lang='lat' dir='ltr'>vesci.</span> <span class='ocrx_word' id='word_1_144' title='bbox 1913 2213 2194 2295; x_wconf 14' lang='lat' dir='ltr'>Videor</span> 
     </span>
     <span class='ocr_line' id='line_1_21' title="bbox 220 2312 2167 2418; baseline 0 -22"><span class='ocrx_word' id='word_1_145' title='bbox 220 2319 466 2396; x_wconf 81' lang='lat' dir='ltr'>etiam</span> <span class='ocrx_word' id='word_1_146' title='bbox 499 2312 781 2395; x_wconf 84' lang='lat' dir='ltr'>alieubi</span> <span class='ocrx_word' id='word_1_147' title='bbox 813 2313 946 2391; x_wconf 90' lang='lat' dir='ltr'>vbi</span> <span class='ocrx_word' id='word_1_148' title='bbox 975 2317 1257 2394; x_wconf 82' lang='lat' dir='ltr'>Patriae</span> <span class='ocrx_word' id='word_1_149' title='bbox 1307 2317 1511 2418; x_wconf 82' lang='lat' dir='ltr'>leges</span> <span class='ocrx_word' id='word_1_150' title='bbox 1559 2312 1759 2396; x_wconf 86' lang='lat' dir='ltr'>solae</span> <span class='ocrx_word' id='word_1_151' title='bbox 1790 2376 1815 2414; x_wconf 87' lang='lat'>‚</span> <span class='ocrx_word' id='word_1_152' title='bbox 1866 2318 2167 2418; x_wconf 80' lang='lat' dir='ltr'>exiguis</span> 
     </span>
     <span class='ocr_line' id='line_1_22' title="bbox 222 2415 2260 2519; baseline -0.002 -20"><span class='ocrx_word' id='word_1_153' title='bbox 222 2415 757 2499; x_wconf 87' lang='lat' dir='ltr'>voluminibus</span> <span class='ocrx_word' id='word_1_154' title='bbox 809 2415 1403 2519; x_wconf 83' lang='lat' dir='ltr'>comprehensae</span> <span class='ocrx_word' id='word_1_155' title='bbox 1507 2440 1596 2493; x_wconf 90' lang='lat' dir='ltr'>ro</span> <span class='ocrx_word' id='word_1_156' title='bbox 1636 2440 1908 2496; x_wconf 87' lang='lat' dir='ltr'>norma</span> <span class='ocrx_word' id='word_1_157' title='bbox 1953 2417 2170 2516; x_wconf 81' lang='lat' dir='ltr'>sunt,</span> <span class='ocrx_word' id='word_1_158' title='bbox 2255 2478 2260 2481; x_wconf 38' lang='lat'>=</span> 
     </span>
     <span class='ocr_line' id='line_1_23' title="bbox 219 2514 2173 2621; baseline -0.002 -19"><span class='ocrx_word' id='word_1_159' title='bbox 219 2520 641 2602; x_wconf 47' lang='lat' dir='ltr'>breuiores*</span> <span class='ocrx_word' id='word_1_160' title='bbox 675 2517 995 2621; x_wconf 85' lang='lat' dir='ltr'>quidem</span> <span class='ocrx_word' id='word_1_161' title='bbox 1041 2514 1188 2596; x_wconf 86' lang='lat' dir='ltr'>effe</span> <span class='ocrx_word' id='word_1_162' title='bbox 1238 2519 1434 2597; x_wconf 86' lang='lat' dir='ltr'>Deci</span> <span class='ocrx_word' id='word_1_163' title='bbox 1461 2541 1677 2599; x_wconf 74' lang='lat' dir='ltr'>iones</span> <span class='ocrx_word' id='word_1_164' title='bbox 1712 2577 1745 2617; x_wconf 21' lang='lat'>‚5</span> <span class='ocrx_word' id='word_1_165' title='bbox 1780 2515 1908 2596; x_wconf 84' lang='lat' dir='ltr'>sed</span> <span class='ocrx_word' id='word_1_166' title='bbox 1951 2517 2173 2621; x_wconf 82' lang='lat' dir='ltr'>saepe</span> 
     </span>
     <span class='ocr_line' id='line_1_24' title="bbox 184 2615 2171 2723; baseline -0.003 -20"><span class='ocrx_word' id='word_1_167' title='bbox 184 2714 188 2721; x_wconf 82' lang='lat'>.</span> <span class='ocrx_word' id='word_1_168' title='bbox 222 2623 693 2722; x_wconf 73' lang='lat' dir='ltr'>deterior-ea,</span> <span class='ocrx_word' id='word_1_169' title='bbox 723 2619 1033 2723; x_wconf 86' lang='lat' dir='ltr'>quando</span> <span class='ocrx_word' id='word_1_170' title='bbox 1074 2644 1217 2698; x_wconf 92' lang='lat' dir='ltr'>nec</span> <span class='ocrx_word' id='word_1_171' title='bbox 1249 2616 1647 2700; x_wconf 88' lang='lat' dir='ltr'>volumina</span> <span class='ocrx_word' id='word_1_172' title='bbox 1679 2615 1805 2718; x_wconf 83' lang='lat' dir='ltr'>illa</span> <span class='ocrx_word' id='word_1_173' title='bbox 1854 2616 2033 2698; x_wconf 86' lang='lat' dir='ltr'>satis</span> <span class='ocrx_word' id='word_1_174' title='bbox 2076 2617 2171 2698; x_wconf 83' lang='lat' dir='ltr'>ad</span> 
     </span>
     <span class='ocr_line' id='line_1_25' title="bbox 152 2720 2180 2829; baseline -0.004 -23"><span class='ocrx_word' id='word_1_175' title='bbox 152 2732 160 2741; x_wconf 78' lang='grc'><em>’</em></span> <span class='ocrx_word' id='word_1_176' title='bbox 222 2748 583 2806; x_wconf 86' lang='lat' dir='ltr'>normam</span> <span class='ocrx_word' id='word_1_177' title='bbox 614 2724 1012 2826; x_wconf 84' lang='lat' dir='ltr'>aequitatis</span> <span class='ocrx_word' id='word_1_178' title='bbox 1030 2723 1419 2823; x_wconf 84' lang='lat' dir='ltr'>exasciata,</span> <span class='ocrx_word' id='word_1_179' title='bbox 1436 2720 1891 2829; x_wconf 87' lang='lat' dir='ltr'>plerumque</span> <span class='ocrx_word' id='word_1_180' title='bbox 1937 2722 2180 2811; x_wconf 86' lang='lat' dir='ltr'>etiam</span> 
     </span>
     <span class='ocr_line' id='line_1_26' title="bbox 221 2822 2182 2933; baseline -0.005 -23"><span class='ocrx_word' id='word_1_181' title='bbox 221 2830 312 2911; x_wconf 87' lang='lat' dir='ltr'>in</span> <span class='ocrx_word' id='word_1_182' title='bbox 342 2845 349 2848; x_wconf 79' lang='grc'><strong>’</strong></span> <span class='ocrx_word' id='word_1_183' title='bbox 374 2824 1094 2933; x_wconf 85' lang='lat' dir='ltr'>comprehendenda</span> <span class='ocrx_word' id='word_1_184' title='bbox 1155 2826 1470 2907; x_wconf 87' lang='lat' dir='ltr'>casuum</span> <span class='ocrx_word' id='word_1_185' title='bbox 1527 2828 1887 2906; x_wconf 82' lang='lat' dir='ltr'>varietate</span> <span class='ocrx_word' id='word_1_186' title='bbox 1934 2822 2182 2903; x_wconf 76' lang='lat' dir='ltr'>‘valde</span> 
     </span>
    </p>
   </div>
   <div class='ocr_carea' id='block_1_5' title="bbox 99 2918 2326 3137">
    <p class='ocr_par' dir='ltr' id='par_1_7' title="bbox 99 2918 2326 3137">
     <span class='ocr_line' id='line_1_27' title="bbox 221 2918 2326 3035; baseline -0.005 -24"><span class='ocrx_word' id='word_1_187' title='bbox 221 2928 489 3011; x_wconf 87' lang='lat' dir='ltr'>hiulca</span> <span class='ocrx_word' id='word_1_188' title='bbox 518 2930 710 3010; x_wconf 87' lang='lat' dir='ltr'>sunt.</span> <span class='ocrx_word' id='word_1_189' title='bbox 813 2932 923 3007; x_wconf 89' lang='lat' dir='ltr'>Ita</span> <span class='ocrx_word' id='word_1_190' title='bbox 953 2952 1070 3007; x_wconf 86' lang='lat' dir='ltr'>res</span> <span class='ocrx_word' id='word_1_191' title='bbox 1105 2928 1370 3035; x_wconf 85' lang='lat' dir='ltr'>paffim</span> <span class='ocrx_word' id='word_1_192' title='bbox 1398 2928 1490 3008; x_wconf 89' lang='lat' dir='ltr'>ad</span> <span class='ocrx_word' id='word_1_193' title='bbox 1523 2927 1925 3009; x_wconf 81' lang='lat' dir='ltr'>arbitrium</span> <span class='ocrx_word' id='word_1_194' title='bbox 1974 2918 2172 3007; x_wconf 78' lang='lat' dir='ltr'>Iudi-</span> <span class='ocrx_word' id='word_1_195' title='bbox 2305 2924 2326 3000; x_wconf 65' lang='grc' dir='ltr'><em>Τ</em></span> 
     </span>
     <span class='ocr_line' id='line_1_28' title="bbox 99 3027 2175 3137; baseline -0.001 -25"><span class='ocrx_word' id='word_1_196' title='bbox 99 3112 110 3123; x_wconf 71' lang='grc'><strong>,</strong></span> <span class='ocrx_word' id='word_1_197' title='bbox 228 3034 349 3112; x_wconf 88' lang='lat' dir='ltr'>cis</span> <span class='ocrx_word' id='word_1_198' title='bbox 379 3031 578 3110; x_wconf 90' lang='lat' dir='ltr'>redit</span> <span class='ocrx_word' id='word_1_199' title='bbox 608 3030 731 3111; x_wconf 88' lang='lat' dir='ltr'>vel</span> <span class='ocrx_word' id='word_1_200' title='bbox 761 3052 1084 3137; x_wconf 84' lang='lat' dir='ltr'>prauum</span> <span class='ocrx_word' id='word_1_201' title='bbox 1117 3027 1439 3133; x_wconf 50' lang='lat' dir='ltr'>affeetm</span> <span class='ocrx_word' id='word_1_202' title='bbox 1473 3053 1599 3112; x_wconf 89' lang='lat' dir='ltr'>aut</span> <span class='ocrx_word' id='word_1_203' title='bbox 1638 3031 1831 3110; x_wconf 87' lang='lat' dir='ltr'>lucri</span> <span class='ocrx_word' id='word_1_204' title='bbox 1868 3028 2175 3136; x_wconf 85' lang='lat' dir='ltr'>cupidi-</span> 
     </span>
    </p>
   </div>
   <div class='ocr_carea' id='block_1_6' title="bbox 119 3130 2174 3427">
    <p class='ocr_par' dir='ltr' id='par_1_8' title="bbox 119 3130 2174 3427">
     <span class='ocr_line' id='line_1_29' title="bbox 224 3130 2174 3239; baseline -0.001 -25"><span class='ocrx_word' id='word_1_205' title='bbox 224 3154 428 3234; x_wconf 82' lang='lat' dir='ltr'>tate,</span> <span class='ocrx_word' id='word_1_206' title='bbox 460 3131 582 3212; x_wconf 88' lang='lat' dir='ltr'>vel</span> <span class='ocrx_word' id='word_1_207' title='bbox 612 3158 970 3239; x_wconf 85' lang='lat' dir='ltr'>praeceps</span> <span class='ocrx_word' id='word_1_208' title='bbox 1003 3133 1560 3239; x_wconf 84' lang='lat' dir='ltr'>imprudentia,</span> <span class='ocrx_word' id='word_1_209' title='bbox 1591 3137 1703 3212; x_wconf 86' lang='lat' dir='ltr'>vti</span> <span class='ocrx_word' id='word_1_210' title='bbox 1734 3130 1929 3211; x_wconf 88' lang='lat' dir='ltr'>illud</span> <span class='ocrx_word' id='word_1_211' title='bbox 1957 3130 2174 3236; x_wconf 83' lang='lat' dir='ltr'>galli-</span> 
     </span>
     <span class='ocr_line' id='line_1_30' title="bbox 119 3234 2174 3342; baseline 0.001 -24"><span class='ocrx_word' id='word_1_212' title='bbox 119 3328 127 3335; x_wconf 83' lang='lat'><em>.</em></span> <span class='ocrx_word' id='word_1_213' title='bbox 228 3258 419 3318; x_wconf 87' lang='lat' dir='ltr'>cum</span> <span class='ocrx_word' id='word_1_214' title='bbox 449 3234 952 3342; x_wconf 82' lang='lat' dir='ltr'>prouerbium</span> <span class='ocrx_word' id='word_1_215' title='bbox 982 3234 1252 3317; x_wconf 86' lang='lat' dir='ltr'>habet:</span> <span class='ocrx_word' id='word_1_216' title='bbox 1304 3235 1443 3317; x_wconf 90' lang='lat' dir='ltr'>Fol</span> <span class='ocrx_word' id='word_1_217' title='bbox 1464 3240 1670 3338; x_wconf 82' lang='lat' dir='ltr'>iuge,</span> <span class='ocrx_word' id='word_1_218' title='bbox 1684 3256 1988 3338; x_wconf 87' lang='lat' dir='ltr'>promte</span> <span class='ocrx_word' id='word_1_219' title='bbox 2003 3235 2174 3321; x_wconf 86' lang='lat' dir='ltr'>sen.-</span> 
     </span>
     <span class='ocr_line' id='line_1_31' title="bbox 138 3356 482 3427; baseline -0.023 0"><span class='ocrx_word' id='word_1_220' title='bbox 138 3420 147 3427; x_wconf 83' lang='lat'><em>.</em></span> <span class='ocrx_word' id='word_1_221' title='bbox 233 3356 482 3420; x_wconf 80' lang='lat' dir='ltr'>tence.</span> 
     </span>
    </p>
   </div>
   <div class='ocr_carea' id='block_1_7' title="bbox 174 3518 2200 3652">
    <p class='ocr_par' dir='ltr' id='par_1_9' title="bbox 174 3518 2200 3652">
     <span class='ocr_line' id='line_1_32' title="bbox 174 3518 2200 3652; baseline -0.001 -29"><span class='ocrx_word' id='word_1_222' title='bbox 174 3603 179 3609; x_wconf 79' lang='lat'><em>-</em></span> <span class='ocrx_word' id='word_1_223' title='bbox 312 3548 426 3626; x_wconf 90' lang='lat'>·11.</span> <span class='ocrx_word' id='word_1_224' title='bbox 476 3547 663 3626; x_wconf 88' lang='lat' dir='ltr'>Non</span> <span class='ocrx_word' id='word_1_225' title='bbox 690 3541 890 3625; x_wconf 85' lang='lat' dir='ltr'>male</span> <span class='ocrx_word' id='word_1_226' title='bbox 918 3543 1001 3622; x_wconf 82' lang='lat' dir='ltr'>in</span> <span class='ocrx_word' id='word_1_227' title='bbox 1040 3518 1447 3626; x_wconf 84' lang='lat' dir='ltr'>Germania</span> <span class='ocrx_word' id='word_1_228' title='bbox 1473 3524 1737 3651; x_wconf 80' lang='lat' dir='ltr'>paffim</span> <span class='ocrx_word' id='word_1_229' title='bbox 1766 3518 2200 3652; x_wconf 63' lang='lat' dir='ltr'>prouisum,</span> 
     </span>
    </p>
   </div>
   <div class='ocr_carea' id='block_1_8' title="bbox 133 3643 2176 3856">
    <p class='ocr_par' dir='ltr' id='par_1_10' title="bbox 133 3643 2176 3856">
     <span class='ocr_line' id='line_1_33' title="bbox 133 3643 2176 3856; baseline -0.003 -124"><span class='ocrx_word' id='word_1_230' title='bbox 133 3766 137 3771; x_wconf 70' lang='lat'><strong>.</strong></span> <span class='ocrx_word' id='word_1_231' title='bbox 236 3645 385 3753; x_wconf 80' lang='lat' dir='ltr'>est,</span> <span class='ocrx_word' id='word_1_232' title='bbox 422 3669 506 3733; x_wconf 90' lang='lat' dir='ltr'>vt</span> <span class='ocrx_word' id='word_1_233' title='bbox 533 3647 696 3735; x_wconf 70' lang='lat' dir='ltr'>asta</span> <span class='ocrx_word' id='word_1_234' title='bbox 726 3649 1131 3734; x_wconf 85' lang='lat' dir='ltr'>mittantur</span> <span class='ocrx_word' id='word_1_235' title='bbox 1131 3645 1905 3856; x_wconf 55' lang='lat' dir='ltr'>Iadscollegiumnon</span> <span class='ocrx_word' id='word_1_236' title='bbox 1920 3643 2176 3828; x_wconf 53' lang='lat' dir='ltr'>spffien</span> 
     </span>
    </p>
   </div>
  </div>
 </body>
</html>
