2594 4255
276 173 297 302 Ῐ
368 181 584 330 ,175
682 198 2159 306 G.-G.·LE113N1T1‘1EP.CXXII;
2259 171 2266 176 ’

436 382 496 459 1.
548 371 1096 559 Tabellarius
1160 372 1402 453 vester
1450 397 1696 480 nuper
1740 373 2069 459 disceffit
2091 439 2127 478 ,
2179 398 2398 463 ante-

721 502 955 579 quam
984 473 1184 556 mihi
1215 475 1677 582 respondere
1695 474 1966 559 liceret
1984 540 2009 581 ‚
2044 488 2398 566 nuncin-

443 583 875 664 termittere
908 602 1065 658 non
1088 575 1418 682 poffum,
1434 579 1622 679 quin
1641 578 2127 685 Tibi‘gratias
2143 610 2394 690 agam,

324 687 331 696 “
442 681 660 787 quod
722 707 899 786 egre
952 682 1590 783 iascogitationes
1642 703 1872 784 atque
1917 683 2396 770 obseruatio-

442 811 583 869 nes
613 789 827 867 Tuas
928 807 971 863 e
1017 803 1396 863 terrarum
1439 782 2027 870 medicinalium
2130 815 2396 872 enera-

440 892 659 978 tione
672 948 700 989 ‚
745 886 991 987 deque
1037 882 1326 990 triplici
1388 888 1752 967 materiae
1800 887 2088 971 semina
2122 894 2188 974 is
2236 897 2398 976 ori-i

500 995 627 1071 ine
657 989 1245 1072 communicare
1268 983 1600 1067 voluisti.
1703 992 2006 1098 Operae
2048 998 2390 1093 pretium
2459 1059 2468 1062 ,

480 1113 648 1175 oret
756 1112 1133 1172 terrarum
1174 1087 1645 1191 reliquarum
1685 1089 1980 1196 species
2034 1098 2391 1200 persequi
2491 1185 2500 1186 f

442 1223 534 1280 ac
584 1152 932 1275 distinete
978 1189 1362 1298 explicare
1409 1193 1762 1298 inprimis
1790 1250 1820 1290 ,
1875 1197 1956 1272 in
1997 1222 2162 1297 quo
2191 1222 2393 1282 terra

441 1296 755 1394 calcaria
796 1294 887 1376 ab
914 1293 1082 1376 aliis
1113 1293 1430 1377 differat.
1529 1292 1900 1375 Videntur
1948 1302 2162 1377 enim
2195 1305 2391 1385 aliae

441 1424 691 1484 terrae
719 1402 899 1503 igne
947 1401 1032 1477 in
1078 1398 1372 1478 vitrum
1414 1395 1660 1498 abire,
1683 1396 1892 1478 *aliae
1937 1397 2018 1475 in
2061 1398 2394 1484 calcem.

445 1501 687 1614 Quod
733 1501 1108 1608 posterius
1166 1522 1264 1580 an
1318 1499 1556 1583 acidis
1602 1497 1940 1582 adscribi·
1969 1497 2190 1606 poffit
2229 1560 2256 1601 ‚
2299 1525 2387 1588 et

441 1604 870 1712 quatenus?
921 1602 1433 1710 cogitandum.

546 1715 639 1790 11.
693 1709 915 1802 Circa
945 1711 1345 1809 materiam
1377 1703 1823 1788 seminalem
1868 1706 2253 1813 triplicem
2289 1707 2386 1789 ila
2441 1807 2448 1810 ,
2588 1711 2590 1842 ι

440 1812 579 1895 lud
617 1811 1230 1915 inuestigandum
1260 1808 1483 1913 efflet,
1511 1836 1607 1893 an
1659 1812 1920 1892 omnis
1952 1834 2212 1916 aeque
2261 1837 2391 1893 ne·
2589 1859 2590 1862 κ

360 1923 377 1946 “·
444 1913 748 1996 cessaria
800 1911 887 1997 fit
937 1913 1414 2019 generationi
1457 1912 1848 1995 animalis?
1953 1917 2144 1997 Sane
2175 1939 2343 1996 eam
2361 1927 2396 2018 ,“
2455 1971 2466 2018 5

324 2033 333 2052 '
441 2044 647 2122 quae¹
686 2021 771 2116 in
816 2015 1128 2097 testibus
1162 2078 1188 2119 ‚
1237 2019 1662 2120 generatim
1714 2015 2195 2097 neceffariam
2239 2016 2393 2099 effe

443 2120 739 2204 constat
758 2117 1123 2224 exemplo
1152 2116 1716 2200 eunuchorum.
1819 2122 1941 2199 De
1958 2122 2269 2200 materia
2285 2145 2393 2218 ex

502 2222 792 2304 rostatis
829 2228 1070 2325 magis
1112 2220 1447 2308 dubitari
1474 2222 1742 2329 potest.
1848 2226 1945 2301 Et
1987 2247 2174 2302 vero
2208 2242 2444 2329 pro-s

441 2250 697 2409 {lema
732 2327 1113 2405 momenti
1145 2327 1509 2406 omnium
1542 2327 1868 2406 maximi
1883 2327 1966 2405 in
1983 2324 2139 2413 hoc
2168 2351 2395 2430 argu..

441 2449 716 2527 mento
766 2424 947 2511 effet
973 2489 999 2531 ,
1062 2429 1412 2509 inuenire
1461 2453 1601 2509 cur
1648 2427 2063 2530 aliquando
2110 2454 2396 2509 conce·

438 2535 615 2640 ptio
644 2533 1043 2635 sequatur,
1072 2528 1483 2634 aliquando
1515 2531 1781 2611 irritus
1816 2527 1905 2612 fit
1935 2534 2234 2621 coitus3
2256 2533 2394 2611 seu

444 2659 643 2738 quae
673 2630 815 2716 fint
842 2657 1018 2714 vera
1078 2635 1619 2739 conceptionis
1667 2632 2083 2736 requifita?
2133 2630 2393 2712 Velim

358 2824 363 2833 ,
444 2735 697 2838 nosse,
729 2759 824 2815 an
858 2760 1130 2816 verum
1182 2732 1316 2836 fit,
1360 2735 1576 2837 quod
1623 2733 2029 2838 aliquoties
2079 2732 2390 2825 audiui,

445 2864 671 2922 canes
689 2838 889 2917 liene
965 2841 1242 2918 riuatas
1259 2836 1407 2919 effe
1441 2834 1965 2924 infoecunda&

547 2947 677 3023 111.
725 2943 904 3021 Cata
935 2965 1180 3045 ogum
1210 2939 1721 3021 Curiosorum
1791 2964 1832 3018 a
1894 2940 2259 3017 WEDEL
2286 2964 2394 3021 10

443 3038 841 3125 editorum
865 3042 1223 3125 nondum
1252 3042 1437 3124 vidi.
1552 3050 1917 3147 Magnam
1947 3038 2402 3125 mihivolu-.

444 3168 738 3252 ptatem
773 3148 1152 3252 promitto
1183 3171 1224 3226 a
1251 3144 1588 3227 lec'tione
1620 3150 1979 3226 Tuarum
2036 3141 2392 3247 obserua-

446 3250 757 3345 tionum
797 3248 1001 3329 circa
1070 3272 1415 3371 organon
1474 3246 1825 3345 auditusz
1858 3251 1964 3348 (²⁸³)
2010 3268 2239 3357 atque
2272 3252 2408 3325 ea-‘

444 3372 626 3430 rum
660 3349 962 3433 mentio
989 3350 1190 3433 milu
1224 3355 1309 3433 in
1341 3351 1805 3432 memoriam
1839 3352 2244 3433 reuocauit
2259 3375 2392 3429 ve-

445 3471 646 3534 teres
661 3454 1021 3554 quasdam
1036 3452 1347 3535 schedas
1364 3475 1571 3534 meas
1615 3450 1719 3532 de
1766 3454 2055 3552 mod0,
2116 3478 2275 3553 quo
2302 3451 2400 3533 fit

444 3554 683 3638 sonus
707 3578 796 3636 ac
828 3579 1287 3662 propagatur
1304 3614 1326 3642 ‚
1361 3556 1584 3636 cuius
1607 3580 1869 3636 veram
1884 3576 2236 3635 naturam
2255 3579 2392 3634 ne-

445 3681 585 3745 mo
615 3655 986 3761 haetenus
1017 3655 1367 3753 distinete
1397 3655 1774 3765 explicuit
1808 3719 1836 3763 ‚
1885 3657 2450 3840 quemad‘tlno-g
