<?xml version="1.0" encoding="UTF-8"?>
<!DOCTYPE html PUBLIC "-//W3C//DTD XHTML 1.0 Transitional//EN"
    "http://www.w3.org/TR/xhtml1/DTD/xhtml1-transitional.dtd">
<html xmlns="http://www.w3.org/1999/xhtml" xml:lang="en" lang="en">
 <head>
  <title>
</title>
<meta http-equiv="Content-Type" content="text/html;charset=utf-8" />
  <meta name='ocr-system' content='tesseract 3.04.00' />
  <meta name='ocr-capabilities' content='ocr_page ocr_carea ocr_par ocr_line ocrx_word'/>
</head>
<body>
  <div class='ocr_page' id='page_1' title='image "./viriillvstratis00vongoog_0236.png"; bbox 0 0 2594 4255; ppageno 0'>
   <div class='ocr_carea' id='block_1_1' title="bbox 154 241 2465 3875">
    <p class='ocr_par' dir='ltr' id='par_1_1' title="bbox 154 241 2465 3875">
     <span class='ocr_line' id='line_1_1' title="bbox 302 241 2155 338; baseline -0.005 0"><span class='ocrx_word' id='word_1_1' title='bbox 302 279 307 284; x_wconf 82' lang='lat'><strong>·</strong></span> <span class='ocrx_word' id='word_1_2' title='bbox 423 273 574 338; x_wconf 78' lang='lat'>202</span> <span class='ocrx_word' id='word_1_3' title='bbox 675 254 766 332; x_wconf 87' lang='lat' dir='ltr'>G.</span> <span class='ocrx_word' id='word_1_4' title='bbox 815 250 906 329; x_wconf 87' lang='lat' dir='ltr'>G.</span> <span class='ocrx_word' id='word_1_5' title='bbox 956 243 1567 332; x_wconf 74' lang='lat' dir='ltr'>LEIBNITII</span> <span class='ocrx_word' id='word_1_6' title='bbox 1610 241 1768 327; x_wconf 83' lang='grc' dir='ltr'>ΕΡ.</span> <span class='ocrx_word' id='word_1_7' title='bbox 1818 245 2155 336; x_wconf 81' lang='lat' dir='ltr'>CXXX.</span> 
     </span>
     <span class='ocr_line' id='line_1_2' title="bbox 424 398 2363 505; baseline 0.002 -20"><span class='ocrx_word' id='word_1_8' title='bbox 424 405 671 485; x_wconf 84' lang='lat' dir='ltr'>statuo</span> <span class='ocrx_word' id='word_1_9' title='bbox 696 405 982 488; x_wconf 76' lang='lat' dir='ltr'>animas</span> <span class='ocrx_word' id='word_1_10' title='bbox 1012 400 1332 505; x_wconf 88' lang='lat' dir='ltr'>quidem</span> <span class='ocrx_word' id='word_1_11' title='bbox 1363 402 1445 478; x_wconf 90' lang='lat' dir='ltr'>in</span> <span class='ocrx_word' id='word_1_12' title='bbox 1476 401 1949 498; x_wconf 78' lang='lat' dir='ltr'><strong>animalculis</strong></span> <span class='ocrx_word' id='word_1_13' title='bbox 1984 398 2363 488; x_wconf 75' lang='lat' dir='ltr'>feminali-</span> 
     </span>
     <span class='ocr_line' id='line_1_3' title="bbox 422 501 2359 591; baseline 0.002 -3"><span class='ocrx_word' id='word_1_14' title='bbox 422 505 563 588; x_wconf 89' lang='lat' dir='ltr'>bus</span> <span class='ocrx_word' id='word_1_15' title='bbox 594 508 771 585; x_wconf 83' lang='lat' dir='ltr'>inde</span> <span class='ocrx_word' id='word_1_16' title='bbox 801 502 894 585; x_wconf 83' lang='lat' dir='ltr'>ab</span> <span class='ocrx_word' id='word_1_17' title='bbox 929 507 1157 584; x_wconf 86' lang='lat' dir='ltr'>initio</span> <span class='ocrx_word' id='word_1_18' title='bbox 1204 526 1467 582; x_wconf 85' lang='lat' dir='ltr'>rerum</span> <span class='ocrx_word' id='word_1_19' title='bbox 1510 501 1821 585; x_wconf 83' lang='lat' dir='ltr'>latentes</span> <span class='ocrx_word' id='word_1_20' title='bbox 1872 531 2033 588; x_wconf 89' lang='lat' dir='ltr'>non</span> <span class='ocrx_word' id='word_1_21' title='bbox 2065 508 2211 591; x_wconf 83' lang='lat' dir='ltr'>effe</span> <span class='ocrx_word' id='word_1_22' title='bbox 2244 523 2359 591; x_wconf 82' lang='lat' dir='ltr'>ra-</span> 
     </span>
     <span class='ocr_line' id='line_1_4' title="bbox 419 605 2356 714; baseline 0.003 -26"><span class='ocrx_word' id='word_1_23' title='bbox 419 605 784 708; x_wconf 83' lang='lat' dir='ltr'>tionales,</span> <span class='ocrx_word' id='word_1_24' title='bbox 859 608 1109 688; x_wconf 89' lang='lat' dir='ltr'>donec</span> <span class='ocrx_word' id='word_1_25' title='bbox 1139 630 1275 714; x_wconf 85' lang='lat' dir='ltr'>per</span> <span class='ocrx_word' id='word_1_26' title='bbox 1315 629 1784 714; x_wconf 84' lang='lat' dir='ltr'>conceptum</span> <span class='ocrx_word' id='word_1_27' title='bbox 1828 609 1923 689; x_wconf 88' lang='lat' dir='ltr'>ad</span> <span class='ocrx_word' id='word_1_28' title='bbox 1949 612 2184 691; x_wconf 85' lang='lat' dir='ltr'>vitam</span> <span class='ocrx_word' id='word_1_29' title='bbox 2209 611 2356 693; x_wconf 89' lang='lat' dir='ltr'>hu-</span> 
     </span>
     <span class='ocr_line' id='line_1_5' title="bbox 418 705 2355 802; baseline 0.002 -11"><span class='ocrx_word' id='word_1_30' title='bbox 418 727 724 792; x_wconf 77' lang='lat' dir='ltr'>manam</span> <span class='ocrx_word' id='word_1_31' title='bbox 752 709 1254 802; x_wconf 80' lang='lat' dir='ltr'>destinentur:</span> <span class='ocrx_word' id='word_1_32' title='bbox 1306 705 1440 786; x_wconf 86' lang='lat' dir='ltr'>vbi</span> <span class='ocrx_word' id='word_1_33' title='bbox 1482 734 1667 791; x_wconf 90' lang='lat' dir='ltr'>vero</span> <span class='ocrx_word' id='word_1_34' title='bbox 1694 709 1926 793; x_wconf 85' lang='lat' dir='ltr'>semel</span> <span class='ocrx_word' id='word_1_35' title='bbox 1951 713 2355 795; x_wconf 77' lang='lat' dir='ltr'>rationales</span> 
     </span>
     <span class='ocr_line' id='line_1_6' title="bbox 205 808 2352 914; baseline 0.002 -19"><span class='ocrx_word' id='word_1_36' title='bbox 205 888 211 895; x_wconf 88' lang='lat'>.</span> <span class='ocrx_word' id='word_1_37' title='bbox 416 808 659 895; x_wconf 70' lang='lat' dir='ltr'>fastae</span> <span class='ocrx_word' id='word_1_38' title='bbox 691 812 908 914; x_wconf 86' lang='lat' dir='ltr'>sunt,</span> <span class='ocrx_word' id='word_1_39' title='bbox 956 832 1037 893; x_wconf 87' lang='lat' dir='ltr'>et</span> <span class='ocrx_word' id='word_1_40' title='bbox 1067 808 1579 893; x_wconf 86' lang='lat' dir='ltr'>conscientiae</span> <span class='ocrx_word' id='word_1_41' title='bbox 1630 838 1720 893; x_wconf 85' lang='lat' dir='ltr'>ac-</span> <span class='ocrx_word' id='word_1_42' title='bbox 1746 811 2120 898; x_wconf 85' lang='lat' dir='ltr'>societatis</span> <span class='ocrx_word' id='word_1_43' title='bbox 2165 840 2352 899; x_wconf 85' lang='lat' dir='ltr'>cum</span> 
     </span>
     <span class='ocr_line' id='line_1_7' title="bbox 270 912 2347 1095; baseline 0.002 -102"><span class='ocrx_word' id='word_1_44' title='bbox 270 1008 297 1020; x_wconf 24' lang='grc' dir='ltr'>χ</span> <span class='ocrx_word' id='word_1_45' title='bbox 336 918 596 1095; x_wconf 40' lang='lat' dir='ltr'>*ko</span> <span class='ocrx_word' id='word_1_46' title='bbox 646 940 959 1022; x_wconf 78' lang='lat' dir='ltr'>capaces</span> <span class='ocrx_word' id='word_1_47' title='bbox 1008 914 1383 1024; x_wconf 67' lang='lat' dir='ltr'>redditae⁹</span> <span class='ocrx_word' id='word_1_48' title='bbox 1434 912 1719 1024; x_wconf 63' lang='lat' dir='ltr'>sentio,</span> <span class='ocrx_word' id='word_1_49' title='bbox 1782 943 2192 1015; x_wconf 82' lang='lat' dir='ltr'><strong>numquam</strong></span> <span class='ocrx_word' id='word_1_50' title='bbox 2224 941 2347 998; x_wconf 85' lang='lat' dir='ltr'>eas</span> 
     </span>
     <span class='ocr_line' id='line_1_8' title="bbox 154 1015 2347 1126; baseline 0 -29"><span class='ocrx_word' id='word_1_51' title='bbox 154 1055 161 1062; x_wconf 94' lang='lat'><strong>·</strong></span> <span class='ocrx_word' id='word_1_52' title='bbox 475 1043 811 1123; x_wconf 85' lang='lat' dir='ltr'>eponere</span> <span class='ocrx_word' id='word_1_53' title='bbox 861 1017 1253 1126; x_wconf 81' lang='lat' dir='ltr'>personam</span> <span class='ocrx_word' id='word_1_54' title='bbox 1284 1017 1497 1086; x_wconf 65' lang='lat' dir='ltr'>felffls</span> <span class='ocrx_word' id='word_1_55' title='bbox 1548 1015 1631 1086; x_wconf 85' lang='lat' dir='ltr'>in</span> <span class='ocrx_word' id='word_1_56' title='bbox 1664 1018 2084 1117; x_wconf 84' lang='lat' dir='ltr'>Republica</span> <span class='ocrx_word' id='word_1_57' title='bbox 2115 1024 2347 1121; x_wconf 82' lang='lat' dir='ltr'>DEI,</span> 
     </span>
     <span class='ocr_line' id='line_1_9' title="bbox 414 1106 2345 1227; baseline 0 -27"><span class='ocrx_word' id='word_1_58' title='bbox 414 1143 617 1222; x_wconf 80' lang='lat' dir='ltr'>quae</span> <span class='ocrx_word' id='word_1_59' title='bbox 660 1148 906 1226; x_wconf 86' lang='lat' dir='ltr'><strong>quum</strong></span> <span class='ocrx_word' id='word_1_60' title='bbox 939 1116 1319 1200; x_wconf 74' lang='lat' dir='ltr'>iustiffime</span> <span class='ocrx_word' id='word_1_61' title='bbox 1348 1126 1439 1227; x_wconf 61' lang='lat' dir='ltr'>&#39;qt</span> <span class='ocrx_word' id='word_1_62' title='bbox 1470 1106 1989 1211; x_wconf 77' lang='lat' dir='ltr'><strong>pulcherrime</strong></span> <span class='ocrx_word' id='word_1_63' title='bbox 2023 1143 2345 1227; x_wconf 63' lang='lat' dir='ltr'>regatur5</span> 
     </span>
     <span class='ocr_line' id='line_1_10' title="bbox 409 1210 2348 1330; baseline -0.004 -26"><span class='ocrx_word' id='word_1_64' title='bbox 409 1225 897 1329; x_wconf 74' lang='lat' dir='ltr'>consequens</span> <span class='ocrx_word' id='word_1_65' title='bbox 919 1221 1061 1314; x_wconf 78' lang='lat' dir='ltr'>est3</span> <span class='ocrx_word' id='word_1_66' title='bbox 1107 1233 1185 1287; x_wconf 91' lang='lat' dir='ltr'>vt</span> <span class='ocrx_word' id='word_1_67' title='bbox 1218 1231 1356 1324; x_wconf 83' lang='lat' dir='ltr'>per</span> <span class='ocrx_word' id='word_1_68' title='bbox 1388 1234 1411 1285; x_wconf 89' lang='lat'><strong>1</strong></span> <span class='ocrx_word' id='word_1_69' title='bbox 1418 1210 1590 1328; x_wconf 71' lang='lat' dir='ltr'>psas</span> <span class='ocrx_word' id='word_1_70' title='bbox 1606 1230 1913 1292; x_wconf 82' lang='lat' dir='ltr'>naturae</span> <span class='ocrx_word' id='word_1_71' title='bbox 1954 1220 2210 1326; x_wconf 79' lang='lat' dir='ltr'>leges,</span> <span class='ocrx_word' id='word_1_72' title='bbox 2241 1223 2348 1330; x_wconf 68' lang='lat' dir='ltr'>qb</span> 
     </span>
     <span class='ocr_line' id='line_1_11' title="bbox 415 1323 2452 1429; baseline -0.004 -22"><span class='ocrx_word' id='word_1_73' title='bbox 415 1323 1001 1429; x_wconf 69' lang='lat' dir='ltr'>parallelifinum</span> <span class='ocrx_word' id='word_1_74' title='bbox 1032 1329 1251 1412; x_wconf 74' lang='lat' dir='ltr'>regns</span> <span class='ocrx_word' id='word_1_75' title='bbox 1277 1335 1559 1414; x_wconf 77' lang='lat' dir='ltr'>gratiae</span> <span class='ocrx_word' id='word_1_76' title='bbox 1573 1336 1650 1393; x_wconf 91' lang='lat' dir='ltr'>et</span> <span class='ocrx_word' id='word_1_77' title='bbox 1667 1336 1993 1418; x_wconf 77' lang='lat' dir='ltr'>naturae,</span> <span class='ocrx_word' id='word_1_78' title='bbox 2016 1327 2352 1407; x_wconf 74' lang='lat' dir='ltr'>Animae</span> <span class='ocrx_word' id='word_1_79' title='bbox 2445 1385 2452 1398; x_wconf 86' lang='lat'>.</span> 
     </span>
     <span class='ocr_line' id='line_1_12' title="bbox 418 1413 2347 1537; baseline -0.004 -31"><span class='ocrx_word' id='word_1_80' title='bbox 418 1428 502 1505; x_wconf 78' lang='lat' dir='ltr'>vi</span> <span class='ocrx_word' id='word_1_81' title='bbox 532 1428 827 1506; x_wconf 67' lang='lat' dir='ltr'>finarum</span> <span class='ocrx_word' id='word_1_82' title='bbox 847 1415 1233 1497; x_wconf 70' lang='lat' dir='ltr'>affionum</span> <span class='ocrx_word' id='word_1_83' title='bbox 1263 1413 1357 1495; x_wconf 87' lang='lat' dir='ltr'>ad</span> <span class='ocrx_word' id='word_1_84' title='bbox 1388 1418 1720 1523; x_wconf 80' lang='lat' dir='ltr'>praemia</span> <span class='ocrx_word' id='word_1_85' title='bbox 1747 1440 1823 1495; x_wconf 90' lang='lat' dir='ltr'>et</span> <span class='ocrx_word' id='word_1_86' title='bbox 1850 1427 2133 1537; x_wconf 77' lang='lat' dir='ltr'>poenas</span> <span class='ocrx_word' id='word_1_87' title='bbox 2166 1429 2347 1505; x_wconf 81' lang='lat' dir='ltr'>red..</span> 
     </span>
     <span class='ocr_line' id='line_1_13' title="bbox 344 1515 2339 1625; baseline -0.002 -20"><span class='ocrx_word' id='word_1_88' title='bbox 344 1517 351 1534; x_wconf 82' lang='grc'>’</span> <span class='ocrx_word' id='word_1_89' title='bbox 413 1525 690 1605; x_wconf 84' lang='lat' dir='ltr'>dantur</span> <span class='ocrx_word' id='word_1_90' title='bbox 738 1522 1083 1623; x_wconf 75' lang='lat' dir='ltr'>aptiores,</span> <span class='ocrx_word' id='word_1_91' title='bbox 1187 1517 1457 1619; x_wconf 86' lang='lat' dir='ltr'>quue</span> <span class='ocrx_word' id='word_1_92' title='bbox 1487 1515 1704 1600; x_wconf 85' lang='lat' dir='ltr'>sensu</span> <span class='ocrx_word' id='word_1_93' title='bbox 1721 1518 1875 1600; x_wconf 76' lang='lat' dir='ltr'>dim</span> <span class='ocrx_word' id='word_1_94' title='bbox 1894 1521 2156 1625; x_wconf 83' lang='lat' dir='ltr'>potest,</span> <span class='ocrx_word' id='word_1_95' title='bbox 2176 1526 2339 1602; x_wconf 86' lang='lat' dir='ltr'>vir-</span> 
     </span>
     <span class='ocr_line' id='line_1_14' title="bbox 407 1613 2331 1730; baseline -0.001 -24"><span class='ocrx_word' id='word_1_96' title='bbox 407 1646 659 1706; x_wconf 83' lang='lat' dir='ltr'>tutem</span> <span class='ocrx_word' id='word_1_97' title='bbox 687 1619 820 1702; x_wconf 87' lang='lat' dir='ltr'>fibi</span> <span class='ocrx_word' id='word_1_98' title='bbox 851 1613 987 1722; x_wconf 77' lang='lat' dir='ltr'>ipfi</span> <span class='ocrx_word' id='word_1_99' title='bbox 1025 1622 1498 1722; x_wconf 81' lang='lat' dir='ltr'>praemium,</span> <span class='ocrx_word' id='word_1_100' title='bbox 1547 1619 1787 1703; x_wconf 87' lang='lat' dir='ltr'>scelus</span> <span class='ocrx_word' id='word_1_101' title='bbox 1820 1620 1954 1708; x_wconf 88' lang='lat' dir='ltr'>fibi</span> <span class='ocrx_word' id='word_1_102' title='bbox 1987 1621 2118 1729; x_wconf 80' lang='lat' dir='ltr'>ip&#39;fi</span> <span class='ocrx_word' id='word_1_103' title='bbox 2145 1641 2331 1730; x_wconf 53' lang='lat' dir='ltr'>poe*-</span> 
     </span>
     <span class='ocr_line' id='line_1_15' title="bbox 408 1718 2332 1830; baseline -0.001 -22"><span class='ocrx_word' id='word_1_104' title='bbox 408 1718 1091 1822; x_wconf 57' lang='lat' dir='ltr'>namadferrefluia</span> <span class='ocrx_word' id='word_1_105' title='bbox 1107 1722 1428 1803; x_wconf 83' lang='lat' dir='ltr'>naturali</span> <span class='ocrx_word' id='word_1_106' title='bbox 1447 1722 1773 1825; x_wconf 85' lang='lat' dir='ltr'>quadam</span> <span class='ocrx_word' id='word_1_107' title='bbox 1794 1725 2332 1830; x_wconf 76' lang='lat' dir='ltr'>consequentia</span> 
     </span>
     <span class='ocr_line' id='line_1_16' title="bbox 406 1823 2341 1935; baseline 0 -26"><span class='ocrx_word' id='word_1_108' title='bbox 406 1851 556 1935; x_wconf 84' lang='lat' dir='ltr'>pro</span> <span class='ocrx_word' id='word_1_109' title='bbox 566 1823 835 1906; x_wconf 86' lang='lat' dir='ltr'>vltimo</span> <span class='ocrx_word' id='word_1_110' title='bbox 850 1825 1147 1908; x_wconf 78' lang='lat' dir='ltr'>animae</span> <span class='ocrx_word' id='word_1_111' title='bbox 1165 1823 1395 1925; x_wconf 77' lang='lat' dir='ltr'>statu,</span> <span class='ocrx_word' id='word_1_112' title='bbox 1456 1848 1690 1932; x_wconf 87' lang='lat' dir='ltr'>prout</span> <span class='ocrx_word' id='word_1_113' title='bbox 1704 1832 2007 1934; x_wconf 79' lang='lat' dir='ltr'>expiata</span> <span class='ocrx_word' id='word_1_114' title='bbox 2030 1839 2341 1922; x_wconf 82' lang='lat' dir='ltr'>autnon</span> 
     </span>
     <span class='ocr_line' id='line_1_17' title="bbox 409 1921 2378 2034; baseline 0.002 -25"><span class='ocrx_word' id='word_1_115' title='bbox 409 1929 704 2034; x_wconf 84' lang='lat' dir='ltr'>expiata</span> <span class='ocrx_word' id='word_1_116' title='bbox 721 1921 1050 2027; x_wconf 87' lang='lat' dir='ltr'>decedit,</span> <span class='ocrx_word' id='word_1_117' title='bbox 1072 1927 1404 2009; x_wconf 87' lang='lat' dir='ltr'>naturale</span> <span class='ocrx_word' id='word_1_118' title='bbox 1419 1928 1807 2030; x_wconf 77' lang='lat' dir='ltr'><strong>quoddam</strong></span> <span class='ocrx_word' id='word_1_119' title='bbox 1826 1930 2344 2032; x_wconf 83' lang='lat' dir='ltr'>oriturdiuer-</span> <span class='ocrx_word' id='word_1_120' title='bbox 2357 1981 2378 1994; x_wconf 80' lang='lat'><em>-</em></span> 
     </span>
     <span class='ocr_line' id='line_1_18' title="bbox 318 2025 2344 2138; baseline 0.001 -30"><span class='ocrx_word' id='word_1_121' title='bbox 318 2047 327 2056; x_wconf 79' lang='lat'><strong>·</strong></span> <span class='ocrx_word' id='word_1_122' title='bbox 405 2025 651 2138; x_wconf 76' lang='lat' dir='ltr'>giut&#39;n,</span> <span class='ocrx_word' id='word_1_123' title='bbox 675 2047 714 2104; x_wconf 85' lang='lat' dir='ltr'>a</span> <span class='ocrx_word' id='word_1_124' title='bbox 737 2029 915 2108; x_wconf 84' lang='lat' dir='ltr'>Deo·</span> <span class='ocrx_word' id='word_1_125' title='bbox 932 2030 1015 2108; x_wconf 93' lang='lat' dir='ltr'>in</span> <span class='ocrx_word' id='word_1_126' title='bbox 1030 2051 1292 2111; x_wconf 84' lang='lat' dir='ltr'>natura</span> <span class='ocrx_word' id='word_1_127' title='bbox 1309 2030 2031 2137; x_wconf 76' lang='lat' dir='ltr'>praeordinatum‚·et</span> <span class='ocrx_word' id='word_1_128' title='bbox 2047 2033 2344 2126; x_wconf 81' lang='lat' dir='ltr'>diuinis</span> 
     </span>
     <span class='ocr_line' id='line_1_19' title="bbox 464 2129 2345 2236; baseline -0.001 -22"><span class='ocrx_word' id='word_1_129' title='bbox 464 2129 787 2214; x_wconf 81' lang='lat' dir='ltr'>romiffis</span> <span class='ocrx_word' id='word_1_130' title='bbox 803 2132 1211 2233; x_wconf 86' lang='lat' dir='ltr'>minisque,</span> <span class='ocrx_word' id='word_1_131' title='bbox 1246 2150 1334 2213; x_wconf 82' lang='lat' dir='ltr'>ac</span> <span class='ocrx_word' id='word_1_132' title='bbox 1346 2132 1634 2236; x_wconf 86' lang='lat' dir='ltr'>gratiae·</span> <span class='ocrx_word' id='word_1_133' title='bbox 1653 2130 2132 2234; x_wconf 81' lang='lat' dir='ltr'>iustitiaeque</span> <span class='ocrx_word' id='word_1_134' title='bbox 2147 2148 2345 2213; x_wconf 72' lang='lat' dir='ltr'>con·-</span> 
     </span>
     <span class='ocr_line' id='line_1_20' title="bbox 443 2231 2342 2325; baseline 0.001 -11"><span class='ocrx_word' id='word_1_135' title='bbox 443 2254 886 2325; x_wconf 80' lang='lat' dir='ltr'>entaneum3</span> <span class='ocrx_word' id='word_1_136' title='bbox 948 2235 1381 2315; x_wconf 83' lang='lat' dir='ltr'>Geniorum</span> <span class='ocrx_word' id='word_1_137' title='bbox 1412 2231 2065 2315; x_wconf 81' lang='lat' dir='ltr'>etiambonorum</span> <span class='ocrx_word' id='word_1_138' title='bbox 2093 2234 2342 2317; x_wconf 62' lang='lat' dir='ltr'>malos-</span> 
     </span>
     <span class='ocr_line' id='line_1_21' title="bbox 399 2328 2465 2442; baseline 0 -22"><span class='ocrx_word' id='word_1_139' title='bbox 399 2359 576 2420; x_wconf 81' lang='lat' dir='ltr'>rum</span> <span class='ocrx_word' id='word_1_140' title='bbox 633 2358 731 2414; x_wconf 85' lang='lat' dir='ltr'>ue</span> <span class='ocrx_word' id='word_1_141' title='bbox 761 2334 1166 2417; x_wconf 82' lang='lat' dir='ltr'>accedente</span> <span class='ocrx_word' id='word_1_142' title='bbox 1199 2339 1661 2437; x_wconf 81' lang='lat' dir='ltr'>interuentu,</span> <span class='ocrx_word' id='word_1_143' title='bbox 1686 2358 1921 2442; x_wconf 86' lang='lat' dir='ltr'>prout</span> <span class='ocrx_word' id='word_1_144' title='bbox 1951 2337 2376 2433; x_wconf 75' lang='lat' dir='ltr'>alterutris</span> <span class='ocrx_word' id='word_1_145' title='bbox 2437 2328 2465 2409; x_wconf 76' lang='lat'>&#39;-</span> 
     </span>
     <span class='ocr_line' id='line_1_22' title="bbox 400 2442 2384 2546; baseline 0 -24"><span class='ocrx_word' id='word_1_146' title='bbox 400 2460 546 2522; x_wconf 84' lang='lat' dir='ltr'>nos</span> <span class='ocrx_word' id='word_1_147' title='bbox 631 2442 1103 2540; x_wconf 74' lang='lat' dir='ltr'>ociauimuS‚</span> <span class='ocrx_word' id='word_1_148' title='bbox 1171 2463 1508 2541; x_wconf 78' lang='lat' dir='ltr'>quorum</span> <span class='ocrx_word' id='word_1_149' title='bbox 1555 2442 2037 2546; x_wconf 76' lang='lat' dir='ltr'>operationes</span> <span class='ocrx_word' id='word_1_150' title='bbox 2072 2445 2343 2544; x_wconf 86' lang='lat' dir='ltr'>vtique</span> <span class='ocrx_word' id='word_1_151' title='bbox 2377 2456 2384 2463; x_wconf 85' lang='grc'><em>·</em></span> 
     </span>
     <span class='ocr_line' id='line_1_23' title="bbox 394 2538 2338 2643; baseline -0.002 -17"><span class='ocrx_word' id='word_1_152' title='bbox 394 2539 573 2626; x_wconf 82' lang='lat' dir='ltr'>sunt</span> <span class='ocrx_word' id='word_1_153' title='bbox 602 2540 973 2623; x_wconf 77' lang='lat' dir='ltr'>naturales</span> <span class='ocrx_word' id='word_1_154' title='bbox 993 2603 1018 2642; x_wconf 91' lang='lat'>,</span> <span class='ocrx_word' id='word_1_155' title='bbox 1069 2538 1200 2622; x_wconf 85' lang='lat' dir='ltr'>etfi</span> <span class='ocrx_word' id='word_1_156' title='bbox 1228 2560 1491 2643; x_wconf 79' lang='lat' dir='ltr'>natura</span> <span class='ocrx_word' id='word_1_157' title='bbox 1508 2566 1781 2624; x_wconf 78' lang='lat' dir='ltr'>eorum</span> <span class='ocrx_word' id='word_1_158' title='bbox 1794 2542 2039 2623; x_wconf 83' lang='lat' dir='ltr'>nostra</span> <span class='ocrx_word' id='word_1_159' title='bbox 2056 2540 2141 2624; x_wconf 87' lang='lat' dir='ltr'>fit</span> <span class='ocrx_word' id='word_1_160' title='bbox 2156 2542 2338 2622; x_wconf 85' lang='lat' dir='ltr'>sub-</span> 
     </span>
     <span class='ocr_line' id='line_1_24' title="bbox 394 2642 2347 2749; baseline -0.002 -25"><span class='ocrx_word' id='word_1_161' title='bbox 394 2642 678 2725; x_wconf 83' lang='lat' dir='ltr'>limior.</span> <span class='ocrx_word' id='word_1_162' title='bbox 728 2668 735 2675; x_wconf 86' lang='lat'><strong>·</strong></span> <span class='ocrx_word' id='word_1_163' title='bbox 779 2644 1151 2723; x_wconf 87' lang='lat' dir='ltr'>Videmus</span> <span class='ocrx_word' id='word_1_164' title='bbox 1184 2643 1364 2722; x_wconf 69' lang='lat' dir='ltr'>{ane</span> <span class='ocrx_word' id='word_1_165' title='bbox 1381 2643 1845 2725; x_wconf 74' lang='lat' dir='ltr'>hominema</span> <span class='ocrx_word' id='word_1_166' title='bbox 1866 2646 2139 2743; x_wconf 82' lang='lat' dir='ltr'>somno</span> <span class='ocrx_word' id='word_1_167' title='bbox 2151 2652 2347 2749; x_wconf 79' lang='lat' dir='ltr'>pro-‘</span> 
     </span>
     <span class='ocr_line' id='line_1_25' title="bbox 394 2741 2331 2867; baseline -0.003 -36"><span class='ocrx_word' id='word_1_168' title='bbox 394 2744 645 2831; x_wconf 81' lang='lat' dir='ltr'>fundo</span> <span class='ocrx_word' id='word_1_169' title='bbox 682 2741 1231 2848; x_wconf 83' lang='lat' dir='ltr'>·euigilantem‚·</span> <span class='ocrx_word' id='word_1_170' title='bbox 1305 2748 1472 2826; x_wconf 83' lang='lat' dir='ltr'>imo</span> <span class='ocrx_word' id='word_1_171' title='bbox 1511 2749 1744 2829; x_wconf 87' lang='lat' dir='ltr'>etiam</span> <span class='ocrx_word' id='word_1_172' title='bbox 1787 2747 1883 2829; x_wconf 83' lang='lat' dir='ltr'>ab</span> <span class='ocrx_word' id='word_1_173' title='bbox 1928 2744 2331 2867; x_wconf 76' lang='lat' dir='ltr'>apoplexia</span> 
     </span>
     <span class='ocr_line' id='line_1_26' title="bbox 396 2844 2333 2956; baseline -0.001 -25"><span class='ocrx_word' id='word_1_174' title='bbox 396 2848 490 2931; x_wconf 83' lang='lat' dir='ltr'>ad</span> <span class='ocrx_word' id='word_1_175' title='bbox 516 2849 592 2926; x_wconf 88' lang='lat' dir='ltr'>se</span> <span class='ocrx_word' id='word_1_176' title='bbox 627 2844 1021 2929; x_wconf 80' lang='lat' dir='ltr'>reuersum</span> <span class='ocrx_word' id='word_1_177' title='bbox 1050 2848 1511 2929; x_wconf 77' lang='lat' dir='ltr'>memoriam</span> <span class='ocrx_word' id='word_1_178' title='bbox 1535 2849 1766 2930; x_wconf 76' lang='lat' dir='ltr'>status</span> <span class='ocrx_word' id='word_1_179' title='bbox 1789 2848 2083 2956; x_wconf 77' lang='lat' dir='ltr'>pristini</span> <span class='ocrx_word' id='word_1_180' title='bbox 2109 2872 2333 2929; x_wconf 88' lang='lat' dir='ltr'>recu-</span> 
     </span>
     <span class='ocr_line' id='line_1_27' title="bbox 296 2947 2337 3062; baseline 0 -30"><span class='ocrx_word' id='word_1_181' title='bbox 296 2980 307 2987; x_wconf 90' lang='grc'><strong><em>·</em></strong></span> <span class='ocrx_word' id='word_1_182' title='bbox 391 2973 659 3062; x_wconf 86' lang='lat' dir='ltr'>perare</span> <span class='ocrx_word' id='word_1_183' title='bbox 731 2947 994 3028; x_wconf 81' lang='lat' dir='ltr'>solere.</span> <span class='ocrx_word' id='word_1_184' title='bbox 1079 3008 1091 3019; x_wconf 44' lang='lat'>=</span> <span class='ocrx_word' id='word_1_185' title='bbox 1161 2950 1377 3030; x_wconf 84' lang='lat' dir='ltr'>Idem</span> <span class='ocrx_word' id='word_1_186' title='bbox 1440 2948 1555 3031; x_wconf 81' lang='lat' dir='ltr'>de‘</span> <span class='ocrx_word' id='word_1_187' title='bbox 1600 2974 1855 3032; x_wconf 88' lang='lat' dir='ltr'>morte</span> <span class='ocrx_word' id='word_1_188' title='bbox 1918 2949 2337 3033; x_wconf 87' lang='lat' dir='ltr'>dicendum</span> 
     </span>
     <span class='ocr_line' id='line_1_28' title="bbox 360 3052 2334 3155; baseline -0.001 -21"><span class='ocrx_word' id='word_1_189' title='bbox 360 3052 504 3135; x_wconf 80' lang='lat' dir='ltr'>&#39;est</span> <span class='ocrx_word' id='word_1_190' title='bbox 524 3114 549 3154; x_wconf 84' lang='lat'>‚</span> <span class='ocrx_word' id='word_1_191' title='bbox 599 3076 787 3155; x_wconf 85' lang='lat' dir='ltr'>quae</span> <span class='ocrx_word' id='word_1_192' title='bbox 870 3053 1350 3155; x_wconf 86' lang='lat' dir='ltr'>erceptiones</span> <span class='ocrx_word' id='word_1_193' title='bbox 1383 3052 1668 3143; x_wconf 84' lang='lat' dir='ltr'>nostras</span> <span class='ocrx_word' id='word_1_194' title='bbox 1683 3053 2011 3147; x_wconf 80' lang='lat' dir='ltr'>turbatas</span> <span class='ocrx_word' id='word_1_195' title='bbox 2041 3076 2122 3134; x_wconf 89' lang='lat' dir='ltr'>et</span> <span class='ocrx_word' id='word_1_196' title='bbox 2141 3077 2334 3155; x_wconf 83' lang='lat' dir='ltr'>con-</span> 
     </span>
     <span class='ocr_line' id='line_1_29' title="bbox 393 3152 2334 3262; baseline -0.003 -21"><span class='ocrx_word' id='word_1_197' title='bbox 393 3152 594 3241; x_wconf 81' lang='lat' dir='ltr'>fufas</span> <span class='ocrx_word' id='word_1_198' title='bbox 659 3154 792 3236; x_wconf 85' lang='lat' dir='ltr'>red</span> <span class='ocrx_word' id='word_1_199' title='bbox 851 3177 977 3239; x_wconf 79' lang='lat' dir='ltr'>ere</span> <span class='ocrx_word' id='word_1_200' title='bbox 1036 3155 1293 3260; x_wconf 80' lang='lat' dir='ltr'>potest</span> <span class='ocrx_word' id='word_1_201' title='bbox 1328 3214 1356 3253; x_wconf 87' lang='lat'>‚</span> <span class='ocrx_word' id='word_1_202' title='bbox 1435 3155 1692 3236; x_wconf 84' lang='lat' dir='ltr'>delere</span> <span class='ocrx_word' id='word_1_203' title='bbox 1743 3156 1966 3262; x_wconf 84' lang='lat' dir='ltr'>plane</span> <span class='ocrx_word' id='word_1_204' title='bbox 2011 3183 2112 3238; x_wconf 85' lang='lat' dir='ltr'>ex</span> <span class='ocrx_word' id='word_1_205' title='bbox 2165 3181 2334 3238; x_wconf 84' lang='lat' dir='ltr'>me-</span> 
     </span>
     <span class='ocr_line' id='line_1_30' title="bbox 391 3256 2333 3364; baseline -0.003 -22"><span class='ocrx_word' id='word_1_206' title='bbox 391 3261 641 3342; x_wconf 84' lang='lat' dir='ltr'>moria</span> <span class='ocrx_word' id='word_1_207' title='bbox 672 3280 835 3338; x_wconf 86' lang='lat' dir='ltr'>non</span> <span class='ocrx_word' id='word_1_208' title='bbox 858 3256 1158 3364; x_wconf 84' lang='lat' dir='ltr'>potest,</span> <span class='ocrx_word' id='word_1_209' title='bbox 1211 3260 1436 3349; x_wconf 80' lang='lat' dir='ltr'>cuius</span> <span class='ocrx_word' id='word_1_210' title='bbox 1488 3258 1636 3337; x_wconf 75' lang='lat' dir='ltr'>usu</span> <span class='ocrx_word' id='word_1_211' title='bbox 1683 3259 2054 3361; x_wconf 84' lang='lat' dir='ltr'>redeunte</span> <span class='ocrx_word' id='word_1_212' title='bbox 2100 3260 2333 3338; x_wconf 85' lang='lat' dir='ltr'>etiam</span> 
     </span>
     <span class='ocr_line' id='line_1_31' title="bbox 389 3356 2332 3468; baseline -0.003 -26"><span class='ocrx_word' id='word_1_213' title='bbox 389 3364 720 3468; x_wconf 83' lang='lat' dir='ltr'>praemia</span> <span class='ocrx_word' id='word_1_214' title='bbox 754 3381 835 3440; x_wconf 86' lang='lat' dir='ltr'>et</span> <span class='ocrx_word' id='word_1_215' title='bbox 866 3382 1158 3465; x_wconf 82' lang='lat' dir='ltr'>poenae</span> <span class='ocrx_word' id='word_1_216' title='bbox 1187 3358 1785 3455; x_wconf 78' lang='lat' dir='ltr'>locumhabent.</span> <span class='ocrx_word' id='word_1_217' title='bbox 1837 3368 2147 3464; x_wconf 81' lang='lat' dir='ltr'>·-1taque</span> <span class='ocrx_word' id='word_1_218' title='bbox 2173 3356 2332 3438; x_wconf 84' lang='lat' dir='ltr'>Sal-</span> 
     </span>
     <span class='ocr_line' id='line_1_32' title="bbox 394 3458 2333 3568; baseline -0.002 -23"><span class='ocrx_word' id='word_1_219' title='bbox 394 3488 623 3546; x_wconf 88' lang='lat' dir='ltr'>uator</span> <span class='ocrx_word' id='word_1_220' title='bbox 644 3462 805 3568; x_wconf 85' lang='lat' dir='ltr'>ipse</span> <span class='ocrx_word' id='word_1_221' title='bbox 825 3486 1158 3543; x_wconf 86' lang='lat' dir='ltr'>mortem</span> <span class='ocrx_word' id='word_1_222' title='bbox 1178 3460 1453 3544; x_wconf 87' lang='lat' dir='ltr'>somno</span> <span class='ocrx_word' id='word_1_223' title='bbox 1481 3468 1978 3567; x_wconf 61' lang='lat' dir='ltr'>comparauit·</span> <span class='ocrx_word' id='word_1_224' title='bbox 2072 3458 2333 3541; x_wconf 86' lang='lat' dir='ltr'>Brutis</span> 
     </span>
     <span class='ocr_line' id='line_1_33' title="bbox 388 3561 2333 3673; baseline -0.004 -24"><span class='ocrx_word' id='word_1_225' title='bbox 388 3592 649 3652; x_wconf 85' lang='lat' dir='ltr'>autem</span> <span class='ocrx_word' id='word_1_226' title='bbox 673 3563 999 3643; x_wconf 53' lang='lat' dir='ltr'>¹diuinae</span> <span class='ocrx_word' id='word_1_227' title='bbox 1049 3561 1433 3667; x_wconf 78' lang='lat' dir='ltr'>societatis</span> <span class='ocrx_word' id='word_1_228' title='bbox 1452 3636 1462 3646; x_wconf 30' lang='lat' dir='ltr'>f</span> <span class='ocrx_word' id='word_1_229' title='bbox 1480 3584 1560 3643; x_wconf 88' lang='lat' dir='ltr'>et</span> <span class='ocrx_word' id='word_1_230' title='bbox 1593 3566 1780 3645; x_wconf 81' lang='lat' dir='ltr'>iuris</span> <span class='ocrx_word' id='word_1_231' title='bbox 1810 3563 2333 3673; x_wconf 75' lang='lat' dir='ltr'>&#39;incapacibuS‚</span> 
     </span>
     <span class='ocr_line' id='line_1_34' title="bbox 388 3664 2331 3779; baseline -0.004 -29"><span class='ocrx_word' id='word_1_232' title='bbox 388 3667 1338 3779; x_wconf 44' lang='lat' dir='ltr'>personaefconseruadm*</span> <span class='ocrx_word' id='word_1_233' title='bbox 1359 3665 1767 3765; x_wconf 73' lang='lat' dir='ltr'>etmoralis</span> <span class='ocrx_word' id='word_1_234' title='bbox 1796 3664 2331 3753; x_wconf 79' lang='lat' dir='ltr'>immortalitas</span> 
     </span>
     <span class='ocr_line' id='line_1_35' title="bbox 266 3768 2334 3875; baseline -0.004 -20"><span class='ocrx_word' id='word_1_235' title='bbox 266 3768 275 3781; x_wconf 73' lang='grc'><strong><em>’</em></strong></span> <span class='ocrx_word' id='word_1_236' title='bbox 384 3771 624 3861; x_wconf 73' lang='lat' dir='ltr'>tribui</span> <span class='ocrx_word' id='word_1_237' title='bbox 652 3791 813 3850; x_wconf 88' lang='lat' dir='ltr'>non</span> <span class='ocrx_word' id='word_1_238' title='bbox 847 3768 1115 3875; x_wconf 89' lang='lat' dir='ltr'>potest.</span> <span class='ocrx_word' id='word_1_239' title='bbox 1252 3788 1265 3833; x_wconf 74' lang='lat'><em>2</em></span> <span class='ocrx_word' id='word_1_240' title='bbox 1444 3823 1454 3830; x_wconf 90' lang='lat'>-</span> <span class='ocrx_word' id='word_1_241' title='bbox 1779 3836 1796 3851; x_wconf 32' lang='lat' dir='ltr'><strong>l</strong></span> <span class='ocrx_word' id='word_1_242' title='bbox 2205 3768 2334 3848; x_wconf 80' lang='lat' dir='ltr'>IV.</span> 
     </span>
    </p>
   </div>
  </div>
 </body>
</html>
